2620 4030
556 216 798 286 -110·,·

321 391 409 458 aaut.
436 383 516 462 ipsas
551 379 673 459 iugare'
693 379 732 439 sit
767 375 939 438 iacitthnurn
969 373 1190 438 vulturinarum

170 484 277 550 ahila.
304 482 408 547 tuna.
436 472 596 551 pinnarum
619 468 735 549 auditu,
762 465 966 554 ehuhtono,
997 463 1103 525 nidore
1125 466 1188 526 usti

321 571 409 635 29:11.
438 559 696 621 cornus-cervini.
732 558 852 636 viperae
882 556 934 634 qui
959 555 1045 614 iocor
1068 560 1188 614 coctum

323 693 330 705 .
436 648 586 718 hauserit¹
607 649 733 733 negator
768 658 912 723 umquam
943 659 959 704 a
996 641 1187 730 serpentibus

282 740 410 814 (toan)
437 737 530 797 ieriri.
564 737 667 796 erucis
684 748 721 794 ex
740 741 824 794 aceto
847 734 927 794 tritis
945 739 1108 812 perunctos
1126 740 1215 791 nont

322 836 410 901 aaut.
437 824 584 886 mordent.
611 823 771 902 habentem
792 838 895 883 secum
912 831 967 882 cor
985 820 1113 882 vulturis
1131 833 1188 880 nec

438 920 595 993 serpentes
618 929 675 973 nec
698 913 779 972 ferae
803 918 954 991 appetunt.

362 1007 365 1014 ’
504 1001 591 1063 Nunc
631 1002 763 1063 remedia
781 998 954 1062 ”morsibus
996 997 1187 1060 subiciamus.

323 1101 410 1166 tout.
438 1090 588 1172 raphanus
612 1093 704 1152 satira
727 1108 763 1151 ex
785 1106 878 1169 pusca
902 1089 1042 1167 coquitur
1064 1095 1095 1147 et
1117 1088 1188 1147 trita

322 1190 411 1256 tout.
437 1180 539 1261 plagae
563 1181 734 1260 imponitur.
769 1178 860 1240 alium
878 1184 1079 1242 tost1m=eom
1100 1177 1230 1236 resti-1⁰

305 1280 411 1344 tonso.
438 1269 496 1330 bus
519 1270 636 1330 suiset
657 1270 763 1330 tritum
782 1285 819 1327 ex
841 1264 907 1326 oleo
930 1265 1066 1326 adicitur.
1102 1263 1188 1326 radix

305 1368 411 1433 thaso.
439 1355 551 1419 ferulae
579 1375 616 1417 ex
643 1359 712 1418 vino
739 1354 877 1417 medetur
906 1356 1051 1434 imposita.
1093 1352 1189 1414 farina

304 1455 411 1521 22151.
439 1445 513 1506 milii
533 1463 601 1506 cum
619 1447 685 1525 pice
704 1443 815 1525 liquida
836 1444 946 1524 optime
968 1444 1046 1504 iacit.
1082 1459 1190 1502 ervum

438 1534 544 1595 tritum
564 1552 609 1594 ex
632 1541 717 1595 aceto
740 1542 771 1595 et
797 1532 833 1595 ad
862 1534 1047 1614 serpentium
1069 1548 1189 1591 morsus

439 1629 470 1683 et
491 1620 528 1682 ad
552 1624 685 1683 omnium
708 1623 838 1684 serarum
857 1627 887 1683 ct
910 1615 1038 1682 hominis
1060 1620 1189 1680 mirifice
1204 1627 1230 1670 1⁶

324 1719 412 1785 toas.
439 1711 585 1772 medetur.
622 1713 723 1774 vinum
747 1729 864 1773 merum
891 1709 921 1770 in
949 1711 1072 1792 spongia
1095 1710 1189 1788 impo-

306 1807 412 1874 talto.
439 1801 530 1862 nitur.
571 1801 647 1861 mori
675 1800 744 1861 iolia
770 1802 840 1861 trita
871 1800 1017 1860 recentia:
1054 1801 1079 1858 si
1108 1796 1191 1858 arida

441 1891 513 1971 sint,
545 1888 668 1951 decocta
700 1895 738 1960 et*
757 1906 850 1968 aeque
882 1889 953 1966 trita
984 1889 1191 1966 imponuntur.

199 1986 305 2052 talto.
324 1987 412 2052 2⁵2⁷&
439 1977 545 2061 hysopi
568 1996 671 2039 semen
694 1976 815 2038 bibitur.
853 1978 917 2039 eius
946 1977 997 2058 qui
1024 1993 1191 2056 percussus

440 2074 487 2128 est
509 2073 612 2128 vertex
633 2065 776 2128 inciditur
799 2084 895 2146 eoque
919 2063 1037 2126 additur
1060 2064 1190 2144 euphor-
1205 2071 1231 2114 ’θ
1294 2051 1295 2066 ’

440 2154 536 2215 bium:
565 2155 703 2216 medetur
731 2173 917 2235 quacumque
944 2161 1029 2233 parte
1053 2155 1191 2234 corporis

307 2252 412 2316 to‚100.
439 2241 606 2322 periculum
639 2251 693 2304 est.
738 2245 908 2306 centauriae
940 2241 1024 2303 radix
1056 2243 1191 2324 pondere

307 2341 412 2406 adnot.
440 2330 555 2392 denarii
576 2331 608 2393 in
630 2331 728 2394 tribus
750 2333 863 2414 cyathis
885 2332 947 2393 rini
968 2330 1090 2393 bibitur.
1126 2337 1190 2392 vct-

440 2422 538 2482 tonica
560 2420 653 2482 berba
680 2424 750 2482 trita
773 2423 886 2483 morsrri
913 2423 1085 2499 imponitur.
1121 2437 1190 2499 aga·

439 2509 495 2571 rici
517 2507 597 2570 obeb
621 2516 762 2589 quattuor
782 2511 815 2570 in
838 2507 956 2572 duobus
974 2509 1088 2588 cyathis
1111 2510 1191 2570 aceti
1205 2517 1234 2560 ’ὃ

306 2609 412 2674 tutor.
439 2598 529 2660 mulsi
549 2600 755 2680 propinantur.
787 2595 993 2660 aristolochiae
1011 2597 1094 2658 radix
1112 2602 1190 2678 poh-

246 2786 355 2857 1ipsas
371 2802 402 2857 φτ
421 2785 497 2856 ipsos
514 2788 566 2854 rb,
583 2786 647 2844 ilias
665 2787 713 2858 di
734 2786 773 2843 sid
788 2785 957 2844 facillimum
970 2788 1015 2842 esd
1031 2782 1089 2857 (d.)
1105 2786 1191 2842 sicd.

208 2861 224 2912 2
243 2857 392 2925 pinnarum
409 2871 440 2927 με
462 2872 617 2926 pennarum
634 2860 661 2916 d.
687 2861 693 2928 Ι
720 2875 814 2930 penna
835 2854 936 2914 sufficii
958 2859 1018 2929 (sic)
1037 2876 1053 2913 r
1074 2858 1192 2928 (penna,

173 2926 270 2982 suffitu
287 2928 323 2996 h).
378 2931 395 2982 d
418 2943 465 2982 ex:
493 2943 557 2984 cum
579 2931 606 2986 d.
631 2933 636 3000 Ι
660 2931 957 2986 descendebam
979 2930 1033 2984 loci
1055 2929 1193 2985 Plinium·

173 2999 312 3068 (iodim
366 3005 382 3053 6
401 3015 454 3054 nec
471 3001 615 3070 serpendo
632 3017 683 3058 oro.
701 3003 728 3057 d.
784 3007 801 3056 8
819 2999 957 3056 subiciam
978 3001 1004 3054 d.
1059 2999 1192 3056 ambira

173 3071 216 3137 (ot
233 3068 352 3140 Gorya.)
369 3070 423 3141 yda
442 3087 505 3126 ·vus
522 3072 559 3127 rb
578 3072 620 3140 (ot
639 3072 704 3143 Pe).
729 3074 735 3141 1
758 3087 846 3143 pusca
865 3071 924 3128 Pa:
948 3087 1023 3142 aqua
1039 3071 1133 3142 odrb.

173 3146 208 3196 10
225 3141 333 3196 eoum
349 3141 445 3212 pdrba
467 3143 567 3212 potum
588 3145 659 3199 mole
679 3147 744 3200 tent.
765 3143 811 3200 Pi.
867 3149 900 3198 to
919 3142 1006 3198 Erum
1023 3158 1049 3212 9.
1104 3147 1141 3197 lo
1160 3144 1193 3197 et

172 3211 210 3269 sd
228 3211 353 3268 omnium
369 3229 399 3283 9:
423 3215 453 3270 et
474 3215 600 3270 omniunt
621 3215 673 3282 rb,
699 3215 730 3271 et
746 3213 784 3269 od
802 3215 897 3270 omnia
914 3213 940 3269 d.
965 3216 971 3284 Ι
994 3213 1143 3269 hominum
1160 3213 1191 3268 d.

209 3290 243 3341 18
262 3283 320 3340 sint
335 3285 407 3355 prb:
425 3287 492 3342 sunt
508 3287 535 3343 d.
590 3292 626 3343 ho
644 3301 733 3356 eoquo
746 3285 810 3356 pdb
828 3286 1014 3354 (vertex-22
1028 3287 1072 3340 est
1085 3300 1137 3340 om.
1151 3286 1190 3411 cp.

208 3362 242 3412 22
270 3356 430 3413 ocnhmiso
455 3358 551 3428 ydrbr
578 3357 615 3412 -ri
641 3357 698 3428 (rii)
728 3358 772 3413 Pl.
798 3359 803 3425 Ι
831 3356 943 3427 pondus
969 3357 998 3427 (ᾳ
1032 3355 1128 3426 pondo
1181 3397 1192 3426 ,

134 3457 137 3466 ,
193 3421 496 3498 onomroy'uemsn
519 3429 654 3484 heom
668 3427 713 3484 Pr.
728 3429 840 3497 (aar.
855 3429 909 3500 ee).
946 3398 1144 3483 asianum
1156 3441 1190 3497 y:

200 3499 295 3556 ouda
312 3502 344 3568 d,
362 3495 511 3556 Eetioneas
527 3500 572 3554 rb.
627 3503 662 3553 td
681 3497 760 3555 obuli
777 3500 822 3554 rb.
883 3503 918 3555 id
936 3495 1122 3554 briswlocioc
1140 3513 1190 3570 pr,

172 3568 260 3641 dogio
278 3571 305 3628 d.
331 3572 335 3640 Ι
359 3570 483 3641 pondere
500 3570 549 3624 rb:
567 3569 677 3640 pondus
693 3586 724 3642 9,
742 3569 837 3641 pondo
855 3570 882 3626 d.

59 2377 96 2420 ’θ
