2620 4030
478 225 720 290 -143-

91 405 128 451 en
148 398 232 450 aceto
248 396 349 450 coctae
364 396 394 448 et
407 389 553 467 inpositae
568 389 708 451 duritiam
722 390 809 452 lienis
827 391 1003 472 infringunt,

90 479 212 540 scabros
236 495 352 557 ungues
375 476 516 560 levigant,
546 478 645 539 ulcera
672 481 704 539 in
727 487 827 541 mento
852 483 1003 541 nascentia

90 571 282 649 extinguunt,
309 570 340 627 in
363 567 432 626 rino
456 574 557 628 coctae
586 575 616 628 et
643 569 790 647 inpositae
820 575 949 630 strumas
973 577 1003 630 et

88 656 241 738 parotidas
268 663 386 736 sanant,
417 658 614 734 gargarizatus
644 656 778 718 dolorem
807 657 941 718 dentium
970 667 1000 720 et
1013 651 1108 706 Di080·

59 760 164 807 surae
183 754 331 807 tumorem
350 746 499 826 mitigant,
521 753 609 824 potae
628 749 803 826 auruginem
822 755 1001 827 expugnant.
1011 728 1099 792 ΨΟ·

90 835 211 914 quidam
233 841 340 914 putant
366 835 462 912 ipsam
490 834 621 895 radicem
644 838 669 896 si
697 835 773 896 eollo
802 837 1002 916 suspendatur
1034 833 1090 914 iar>-

90 924 204 985 scrolas
228 925 339 1002 fugare.
380 991 382 1003 Ι
1002 901 1108 970 Dim)

157 1071 268 1127 vnn.
299 1073 348 1128 De
371 1071 466 1127 blito.
930 1105 933 1112 =
1035 1079 1081 1135 Pl.

158 1171 343 1244 Quibusdam
371 1171 437 1234 bliti
460 1179 565 1233 natura
591 1174 673 1234 iners
698 1180 728 1255 et
752 1176 816 1234 sine
841 1178 1002 1236 acrimonia
1011 1156 1099 1220 20,9a.

88 1263 153 1322 risa
167 1268 222 1324 est.
258 1269 394 1323 ventrem
409 1280 504 1340 usquo
520 1261 556 1322 ad
575 1261 725 1324 choleram
738 1262 916 1343 plerumque
930 1283 1000 1326 con-

46 1366 75 1406 ιο
88 1351 221 1416 turbant.
266 1349 462 1430 Hippocrates
497 1353 651 1430 praecepit
682 1350 718 1411 ad
751 1353 882 1414 sistenda
911 1355 1002 1414 nimia

89 1448 245 1500 menstrua
268 1439 446 1502 sentinarum
473 1441 503 1499 in
532 1439 599 1500 cibo
627 1440 748 1501 dandos.
790 1441 864 1502 olavi
891 1443 1002 1522 pedum

88 1531 219 1609 inposito
242 1539 278 1589 eo
301 1529 397 1589 limari
416 1537 446 1589 et
470 1530 625 1608 comprimi
645 1529 817 1592 creduntur.
855 1550 946 1592 sucus
965 1551 1001 1592 ex

88 1620 159 1678 rino
197 1617 283 1693 datus
319 1617 434 1678 utiliter
471 1617 627 1680 adversum
660 1623 852 1700 scorpionum
889 1639 1001 1682 venena

88 1709 213 1768 resistit.
255 1708 373 1786 quidam
401 1715 506 1786 putant
534 1709 622 1767 etiam
645 1710 744 1788 ipsum
767 1711 871 1770 tritum
901 1717 931 1771 et
957 1713 1001 1770 in·

48 1810 76 1850 15
89 1798 224 1876 positum
246 1795 340 1876 plagis
363 1796 486 1857 mederi.

156 1991 294 2066 Lapatium
316 1993 487 2048 hortensium
510 1993 567 2048 sive
589 2008 684 2048 rumex
706 1993 806 2050 calidae
829 2001 857 2050 et
879 2001 1002 2048 austerae
1021 1996 1078 2064 (34)

88 2079 199 2134 virtutis
215 2085 266 2138 est.
303 2079 332 2132 in
352 2075 412 2132 cibo
433 2083 570 2150 sumptum
592 2085 712 2134 ventrem
734 2079 873 2152 reprimit,
896 2079 1001 2134 urinam

1 2171 2 2220 i
88 2170 240 2236 provocat,
263 2169 372 2218 ructum
394 2162 510 2231 excitat,
533 2162 702 2218 stomachum
718 2163 865 2219 confortat.
896 2164 924 2219 in
939 2165 1001 2219 vino

1 2247 2 2316 3
89 2255 199 2304 coetum
221 2239 315 2303 tritum
338 2255 454 2302 strumas
470 2254 498 2300 et
519 2246 657 2320 parotidas
672 2255 764 2312 curat,
788 2256 816 2305 et
839 2264 933 2305 omnes
959 2257 1001 2304 tn-

1 2319 2 2376 l
49 2344 184 2388 remores
206 2333 321 2406 spargit.
694 2339 697 2344 '

156 2469 243 2526 Blitus
258 2472 386 2526 virtutem
403 2469 483 2527 habet
499 2471 624 2546 frigidam
640 2480 668 2528 et
690 2472 867 2546 glutinosam.
897 2473 925 2528 in
940 2470 1000 2528 cibo
1020 2468 1077 2535 (33)

89 2557 254 2630 frequenter
275 2563 400 2629 sumptus
423 2557 592 2613 stomachum
616 2559 714 2614 evertit
736 2565 764 2613 et
785 2557 877 2614 colere
899 2565 1000 2612 moret.

91 2642 157 2698 lolia
180 2641 238 2696 eius
263 2641 325 2696 trite
347 2642 374 2696 in
398 2643 571 2714 scorpionum
596 2642 665 2698 ictus
688 2642 783 2716 ponito
807 2648 833 2697 et
855 2657 917 2697 cum
939 2642 1001 2696 vino

91 2733 168 2801 pota.

164 2952 178 2999 1
198 2944 308 3016 positae
326 2946 371 3000 rb.
388 2947 393 3015 l
408 2912 567 3016 infringunt
582 2949 650 3016 gol:
669 2945 850 3016 confringunt
867 2946 912 3000 rb.
963 2951 979 2998 2
998 2945 1111 3002 scabros

89 3018 178 3088 polb:
193 3017 304 3074 serobes
314 3034 337 3070 r.
354 3018 358 3086 t
374 3017 538 3087 ulcernepo:
552 3018 668 3074 vulnera
677 3019 730 3088 gol
740 3019 805 3086 (rb).
823 3019 889 3072 hoec
901 3033 981 3085 saepe
994 3023 1019 3071 et
1033 3017 1110 3085 apud

91 3090 222 3144 Pliniana
249 3089 372 3156 confusa.
407 3088 533 3144 lichenes
551 3090 592 3144 uit
612 3090 688 3144 Ptin.
709 3090 713 3157 Ι
738 3109 764 3146 v.
783 3090 908 3144 iumento
930 3105 955 3145 o.
1024 3095 1040 3142 3
1064 3105 1110 3145 ex-

86 3161 207 3232 tingunt
223 3176 270 3229 po.
317 3166 334 3214 4
347 3159 553 3230 gargarizatus:
573 3157 791 3230 διακλυζόμεναι
804 3161 842 3216 D.
896 3166 912 3215 6
926 3159 1078 3243 suspendat
1092 3160 1109 3212 l

127 3230 329 3371 rann
344 3231 1013 3371 <><munrn
1031 3235 1117 3356 cc·

89 3321 180 3432 ppprgp
186 3321 567 3502 tZiobyppostlypo.pdcp'rpntes
579 3353 609 3445 p,
623 3345 827 3502 ppoepntesphl
843 3344 1109 3500 {ipponzate’ppw

89 3464 186 3574 iffi
203 3448 482 3588 quldidffilrlla
507 3487 545 3574 eo'
564 3453 765 3576 delltcf
792 3462 1033 3600 1e³lrnll¹s2oro=
1062 3459 1110 3568 effi

89 3591 192 3646 tnrrb.
210 3591 214 3659 i
229 3589 379 3644 adversum
387 3606 438 3659 po:
453 3589 629 3645 adversmld
638 3591 707 3660 (rb).
746 3597 780 3645 14
788 3590 896 3644 resist1t
904 3587 993 3656 gold:
1004 3585 1109 3644 conso.
