2610 4040
561 239 779 302 „14-

298 414 403 475 ent-21.
432 404 635 480 imponuntur.
671 403 747 480 misy
766 403 869 462 tritum
890 419 958 460 cum
973 403 1039 460 rinc
1057 402 1089 460 in
1112 400 1178 461 lana

299 503 403 565 acam.
432 493 653 570 superponitur.
705 490 797 552 malva
837 498 997 550 macerata·
1024 491 1055 550 in
1093 492 1178 550 urina

432 579 560 640 bumana
583 587 613 640 et
636 581 706 639 trita
728 581 866 659 imposita
889 579 971 640 valde
995 578 1133 639 desiccat.

162 668 297 738 *miore
309 673 404 740 pic.)
500 668 605 728 Omnia
632 675 730 728 autem
755 670 860 747 capitis
888 667 989 728 ulcera
1012 685 1080 728 curn
1107 685 1177 746 pur-

432 765 498 835 gata
521 765 591 816 sunt
613 756 826 818 iucundissime
855 757 891 817 ad
919 758 1088 816 cicatricem
1110 771 1205 834 per-5

432 845 582 906 ducuntur
596 845 653 904 boc
668 853 778 906 ceroto.
807 863 928 925 spumae
943 847 1176 923 argentitunsae

432 943 462 994 et
485 933 630 994 cribratae
649 934 769 1014 selibra,
798 952 936 994 cerussae
959 933 1035 993 libra
1058 951 1115 992 una
1134 943 1176 993 te·

431 1031 553 1103 riantur,
581 1029 610 1082 et
635 1041 723 1084 cerae
747 1022 828 1083 albae
853 1041 869 1082 e
891 1022 966 1083 libra
989 1021 1047 1082 clei
1070 1024 1177 1082 rcsacii

430 1113 624 1172 remittuntur
639 1120 669 1172 et
687 1112 915 1192 refrigerantrn·‚
936 1111 1041 1171 deinde
1061 1111 1178 1170 raditur

430 1208 460 1260 ct
487 1203 630 1262 miscetur
658 1219 727 1260 cmn
753 1218 858 1279 spuma
885 1208 915 1260 et
948 1218 1082 1280 cerussa,
1114 1199 1174 1258 adi·
1190 1216 1218 1255 ro

430 1291 551 1349 ciuntur
561 1308 684 1350 crorum
695 1298 835 1368 quattuor
845 1289 924 1350 lutea
934 1288 1034 1348 cruda.
1053 1287 1176 1367 prodest

430 1385 460 1437 et
482 1381 598 1438 resinae
625 1370 757 1457 pituinae
785 1376 860 1437 libra
883 1380 974 1438 mixta
997 1395 1065 1436 cum
1089 1395 1174 1436 cerae

429 1465 511 1525 albae
536 1465 644 1525 selibra
667 1469 750 1526 etin
773 1465 838 1526 cleo
863 1466 997 1547 decocta,
1025 1467 1065 1527 ita
1087 1472 1121 1524 ut
1143 1467 1174 1524 in

429 1557 513 1633 accpi
536 1554 624 1613 mcdo
643 1563 849 1632 perunguatur
867 1553 977 1633 pistillo
997 1557 1129 1614 mixtum.

1300 1637 1301 1680 p

498 1755 556 1810 1v.
580 1755 760 1824 Alopeciis.

188 1873 291 1940 (liare.
302 1891 333 1942 p.
348 1877 402 1942 to.)
497 1873 650 1952 Altrpeciae
677 1891 813 1953 magnam
845 1874 1016 1934 localitatem
1047 1875 1216 1934 alterautra
1300 1885 1301 1892 ¹

429 1969 460 2022 et
473 1970 597 2041 propter
610 1962 666 2022 hcc
682 1981 836 2024 serrorum
849 1965 946 2041 pretia
959 1962 1173 2023 diminuuntur.

428 2053 527 2129 itaque
551 2053 753 2112 necessarium
777 2058 822 2110 est
850 2069 899 2110 aas
928 2069 1045 2129 quoquc
1075 2069 1173 2112 emen·

294 2150 398 2210 taluc.
427 2139 505 2199 clare.
551 2157 628 2217 quae
655 2139 810 2200 celerrime
839 2140 1025 2217 complentur
1052 2140 1173 2218 pellium

74 2371 77 2376 ¹
233 2313 246 2360 1
267 2307 368 2363 misum
386 2309 423 2376 d,
442 2327 552 2378 mysum
570 2311 608 2378 pb
628 2311 687 2373 (cm.
707 2312 740 2380 r).
810 2316 825 2364 2
845 2311 1080 2365 maceraretur:
1100 2326 1173 2364 erra·

159 2378 217 2432 tica
234 2379 271 2432 rb
290 2379 349 2448 (M)
431 2386 447 2434 3
467 2379 592 2434 desiccat
609 2381 659 2450 pb:
684 2380 771 2436 siccat
789 2382 814 2435 et.
887 2387 904 2434 4
924 2379 1031 2435 Omnia.
1050 2381 1078 2436 k.
1097 2380 1173 2450 capi·

158 2449 196 2503 tis
219 2450 246 2503 ct.
283 2450 333 2504 obi
360 2449 467 2505 mclclr
490 2456 529 2504 eat
549 2467 604 2519 pro
630 2453 843 2520 onptcaoaoaico
865 2453 938 2506 soccis
961 2454 1056 2506 antem
1075 2482 1108 2490 —
1133 2453 1173 2504 sic

160 2521 252 2577 Marc.
271 2537 362 2590 cocy
377 2551 410 2562 -
433 2523 603 2590 compendio,
622 2524 694 2591 quod
711 2539 768 2577 noc
781 2524 915 2577 intellexit
932 2523 1050 2591 scriptor
1063 2522 1173 2587 codicis,

158 2593 249 2646 conicit
264 2591 386 2648 Temnos
403 2593 441 2662 (b)
459 2609 521 2647 cum
539 2610 560 2648 r.
594 2594 628 2659 cf.
644 2594 735 2661 praef.
755 2595 793 2648 od
811 2593 968 2647 Vitruvium
985 2609 1073 2648 meum
1092 2610 1123 2662 p.
1144 2603 1175 2644 rr

157 2667 213 2719 rect.
260 2667 275 2716 ὁ
291 2662 453 2719 cicatricem
465 2665 519 2734 pel:
543 2664 716 2733 -ccsrb(M)
736 2663 740 2734 Ι
760 2664 949 2733 perducuntur
958 2664 1171 2732 hcccerctcpb:

157 2733 244 2788 ducit.
275 2732 337 2789 Hoc
355 2736 450 2790 ceroto
468 2737 487 2789 ct
505 2734 644 2804 (perducit
661 2735 715 2790 hoc
734 2738 859 2792 'cerotum
877 2753 904 2804 r,
923 2736 1113 2804 perducuntur
1131 2735 1171 2789 sic

158 2805 262 2874 Marc.)
337 2805 474 2860 taeiibra
494 2807 541 2860 M:
566 2805 640 2861 libra
662 2807 732 2874 (eice
748 2823 824 2860 oum.
842 2807 896 2875 cd,
915 2806 988 2860 libra
1005 2822 1062 2861 una
1078 2807 1134 2874 rb).

157 2881 173 2930 8
192 2893 253 2932 cere
268 2876 321 2948 (re
335 2877 362 2944 p)
381 2876 445 2931 albe
463 2876 537 2930 libra
548 2878 591 2945 pti
605 2878 757 2945 (codidie).
780 2877 845 2931 boec
858 2878 898 2931 cic
910 2877 1018 2932 bobeta
1033 2879 1115 2946 (unde
1129 2878 1170 2946 b):

157 2949 186 3001 et
204 2963 227 3002 c.
241 2962 267 3002 a.
286 2947 453 3002 tantundem
467 2963 501 3001 ex
515 2947 571 3002 olei
588 2947 676 3003 rosati
694 2947 767 3002 libra
784 2964 840 3002 uua
857 2947 978 3003 remittis
997 2949 1026 3004 et
1049 2947 1170 3003 dimittis

156 3017 320 3088 refrigerare
335 3019 382 3086 (al.
394 3018 450 3086 M).
474 3017 547 3072 rosei
560 3019 587 3073 d.
626 3017 1021 3088 11—14p1cdest—mixtum
1034 3020 1076 3088 pet
1089 3023 1114 3073 et
1128 3020 1169 3073 bm

157 3090 224 3156 (cici
241 3089 313 3158 quod
329 3089 375 3143 bic
393 3105 457 3143 cum
475 3104 556 3143 cerae
575 3089 639 3144 albo
658 3090 744 3156 libra,
772 3090 868 3144 deinde
891 3090 974 3160 cccpi
997 3091 1061 3159 lecit
1081 3090 1170 3154 Tomi:

156 3160 227 3230 llam
248 3158 356 3214 resinae
379 3158 519 3229 pictumae
544 3159 633 3214 librae
657 3177 712 3216 sex.
745 3177 825 3232 cerae
847 3160 929 3216 albae
947 3162 1046 3216 unciae
1069 3177 1117 3214 sex
1139 3161 1169 3214 in

156 3231 218 3285 olec
244 3230 437 3300 decoquuntur
463 3229 505 3285 ita
532 3233 564 3284 ut
591 3230 697 3300 pistillo
726 3230 897 3286 misceantur
924 3235 953 3286 et
977 3232 1060 3301 accpi
1085 3231 1170 3286 modo

155 3303 317 3371 pungantur·
339 3318 355 3354 r
373 3303 456 3368 (uode
475 3302 509 3369 b).
549 3307 581 3355 12
600 3319 662 3356 cere
681 3302 745 3356 albe
763 3302 866 3357 selibra
879 3320 911 3372 p,
931 3320 953 3358 c.
969 3320 994 3358 a.
1014 3304 1038 3358 si
1056 3302 1168 3356 librati.

203 3374 245 3429 tlt.
273 3371 315 3427 De
341 3371 471 3442 alopiciis
494 3389 524 3441 p,
552 3373 594 3426 De
622 3373 761 3442 ailopiciis
787 3373 915 3428 curandis
942 3375 968 3430 d.
1052 3378 1084 3427 15
1103 3373 1169 3427 Alo·

154 3443 227 3514 picis
244 3460 273 3514 p,
292 3443 429 3513 Allcpicie
447 3444 475 3498 d.
531 3449 563 3498 16
582 3443 635 3499 hcc
653 3445 705 3514 pel:
724 3444 797 3499 hanc
814 3445 859 3501 rb.
907 3451 938 3499 17
957 3446 1054 3515 itaque
1072 3445 1169 3500 coreb

154 3515 407 3585 (necessariumque
436 3517 474 3583 r).
598 3521 630 3570 18
664 3515 840 3586 complentur
870 3517 916 3585 pal
960 3515 1065 3584 (explet
1097 3515 1168 3583 Pto:

154 3587 337 3642 emendantur
353 3587 390 3642 rb
413 3588 517 3656 (Marc.
532 3603 562 3656 p.
582 3587 635 3655 46).
1115 3611 1117 3614 ·
