<?xml version="1.0" encoding="UTF-8"?>
<!DOCTYPE html PUBLIC "-//W3C//DTD XHTML 1.0 Transitional//EN"
    "http://www.w3.org/TR/xhtml1/DTD/xhtml1-transitional.dtd">
<html xmlns="http://www.w3.org/1999/xhtml" xml:lang="en" lang="en">
 <head>
  <title>
</title>
<meta http-equiv="Content-Type" content="text/html;charset=utf-8" />
  <meta name='ocr-system' content='tesseract 3.04.00' />
  <meta name='ocr-capabilities' content='ocr_page ocr_carea ocr_par ocr_line ocrx_word'/>
</head>
<body>
  <div class='ocr_page' id='page_1' title='image "./pliniisecundiqu04plingoog_0221.png"; bbox 0 0 2620 4040; ppageno 0'>
   <div class='ocr_carea' id='block_1_1' title="bbox 15 217 845 342">
    <p class='ocr_par' dir='ltr' id='par_1_1' title="bbox 15 217 845 342">
     <span class='ocr_line' id='line_1_1' title="bbox 15 217 845 342; baseline 0.005 -22"><span class='ocrx_word' id='word_1_1' title='bbox 15 217 142 342; x_wconf 62' lang='lat' dir='ltr'><em>s</em></span> <span class='ocrx_word' id='word_1_2' title='bbox 602 294 645 303; x_wconf 89' lang='lat'>-</span> <span class='ocrx_word' id='word_1_3' title='bbox 690 256 756 324; x_wconf 79' lang='lat'><strong>212</strong></span> <span class='ocrx_word' id='word_1_4' title='bbox 803 295 845 305; x_wconf 86' lang='lat'><em>-</em></span> 
     </span>
    </p>
   </div>
   <div class='ocr_carea' id='block_1_2' title="bbox 216 413 1233 661">
    <p class='ocr_par' dir='ltr' id='par_1_2' title="bbox 216 413 1233 661">
     <span class='ocr_line' id='line_1_2' title="bbox 217 413 1233 501; baseline 0 -17"><span class='ocrx_word' id='word_1_5' title='bbox 217 429 333 485; x_wconf 82' lang='lat' dir='ltr'><strong>tantum</strong></span> <span class='ocrx_word' id='word_1_6' title='bbox 356 413 470 485; x_wconf 64' lang='lat' dir='ltr'><strong>cocto</strong></span> <span class='ocrx_word' id='word_1_7' title='bbox 483 421 561 482; x_wconf 88' lang='lat' dir='ltr'><strong>siout</strong></span> <span class='ocrx_word' id='word_1_8' title='bbox 588 422 727 500; x_wconf 89' lang='lat' dir='ltr'><strong>superins</strong></span> <span class='ocrx_word' id='word_1_9' title='bbox 755 422 901 501; x_wconf 88' lang='lat' dir='ltr'><strong>scriptum</strong></span> <span class='ocrx_word' id='word_1_10' title='bbox 929 429 985 484; x_wconf 89' lang='lat' dir='ltr'><strong>est.</strong></span> <span class='ocrx_word' id='word_1_11' title='bbox 1021 429 1052 484; x_wconf 87' lang='lat' dir='ltr'><strong>et</strong></span> <span class='ocrx_word' id='word_1_12' title='bbox 1074 424 1156 484; x_wconf 90' lang='lat' dir='ltr'><strong>siin</strong></span> <span class='ocrx_word' id='word_1_13' title='bbox 1177 424 1233 484; x_wconf 86' lang='lat' dir='ltr'><strong>ista</strong></span> 
     </span>
     <span class='ocr_line' id='line_1_3' title="bbox 216 507 1232 661; baseline 0 -89"><span class='ocrx_word' id='word_1_14' title='bbox 216 511 425 661; x_wconf 47' lang='lat' dir='ltr'><strong>pipnsiffiltplpppo</strong></span> <span class='ocrx_word' id='word_1_15' title='bbox 433 507 558 571; x_wconf 87' lang='lat' dir='ltr'><strong>addatur</strong></span> <span class='ocrx_word' id='word_1_16' title='bbox 587 508 761 590; x_wconf 81' lang='lat' dir='ltr'><strong>dacrydium</strong></span> <span class='ocrx_word' id='word_1_17' title='bbox 787 521 833 574; x_wconf 88' lang='lat'><strong>-:-</strong></span> <span class='ocrx_word' id='word_1_18' title='bbox 850 524 905 591; x_wconf 90' lang='lat'>111,</span> <span class='ocrx_word' id='word_1_19' title='bbox 938 509 1134 572; x_wconf 77' lang='lat' dir='ltr'>catharticum</span> <span class='ocrx_word' id='word_1_20' title='bbox 1161 510 1232 573; x_wconf 86' lang='lat' dir='ltr'><strong>utile</strong></span> 
     </span>
    </p>
   </div>
   <div class='ocr_carea' id='block_1_3' title="bbox 609 799 842 856">
    <p class='ocr_par' dir='ltr' id='par_1_3' title="bbox 609 799 842 856">
     <span class='ocr_line' id='line_1_4' title="bbox 609 799 842 856; baseline 0 0"><span class='ocrx_word' id='word_1_21' title='bbox 609 799 842 856; x_wconf 78' lang='lat' dir='ltr'><strong>omfaoomeli.</strong></span> 
     </span>
    </p>
   </div>
   <div class='ocr_carea' id='block_1_4' title="bbox 194 935 1271 2261">
    <p class='ocr_par' dir='ltr' id='par_1_4' title="bbox 216 935 1271 1728">
     <span class='ocr_line' id='line_1_5' title="bbox 284 935 1234 1018; baseline 0.002 -22"><span class='ocrx_word' id='word_1_22' title='bbox 284 935 361 997; x_wconf 83' lang='lat' dir='ltr'><strong>Uvas</strong></span> <span class='ocrx_word' id='word_1_23' title='bbox 389 936 503 1018; x_wconf 80' lang='lat' dir='ltr'><strong>colligis</strong></span> <span class='ocrx_word' id='word_1_24' title='bbox 526 954 562 997; x_wconf 91' lang='lat' dir='ltr'><strong>eo</strong></span> <span class='ocrx_word' id='word_1_25' title='bbox 590 944 726 1016; x_wconf 91' lang='lat' dir='ltr'><strong>tempore</strong></span> <span class='ocrx_word' id='word_1_26' title='bbox 749 955 818 998; x_wconf 92' lang='lat' dir='ltr'><strong>cum</strong></span> <span class='ocrx_word' id='word_1_27' title='bbox 842 945 973 999; x_wconf 89' lang='lat' dir='ltr'><strong>mustum</strong></span> <span class='ocrx_word' id='word_1_28' title='bbox 1001 939 1060 998; x_wconf 92' lang='lat' dir='ltr'><strong>iam</strong></span> <span class='ocrx_word' id='word_1_29' title='bbox 1088 939 1234 1017; x_wconf 88' lang='lat' dir='ltr'><strong>incipiunt</strong></span> 
     </span>
     <span class='ocr_line' id='line_1_6' title="bbox 216 1024 1260 1087; baseline 0.002 -2"><span class='ocrx_word' id='word_1_30' title='bbox 216 1024 328 1086; x_wconf 86' lang='lat' dir='ltr'><strong>hahere</strong></span> <span class='ocrx_word' id='word_1_31' title='bbox 351 1031 382 1086; x_wconf 89' lang='lat' dir='ltr'><strong>et</strong></span> <span class='ocrx_word' id='word_1_32' title='bbox 404 1025 621 1087; x_wconf 84' lang='lat' dir='ltr'><strong>maturesacere</strong></span> <span class='ocrx_word' id='word_1_33' title='bbox 649 1027 692 1086; x_wconf 90' lang='lat' dir='ltr'><strong>sic</strong></span> <span class='ocrx_word' id='word_1_34' title='bbox 716 1032 815 1086; x_wconf 87' lang='lat' dir='ltr'><strong>tamen</strong></span> <span class='ocrx_word' id='word_1_35' title='bbox 845 1033 880 1087; x_wconf 92' lang='lat' dir='ltr'><strong>ut</strong></span> <span class='ocrx_word' id='word_1_36' title='bbox 906 1026 1039 1087; x_wconf 91' lang='lat' dir='ltr'><strong>nondum</strong></span> <span class='ocrx_word' id='word_1_37' title='bbox 1062 1026 1260 1087; x_wconf 85' lang='lat' dir='ltr'><strong>manducari⁵</strong></span> 
     </span>
     <span class='ocr_line' id='line_1_7' title="bbox 216 1113 1234 1196; baseline 0.001 -22"><span class='ocrx_word' id='word_1_38' title='bbox 216 1116 347 1196; x_wconf 83' lang='lat' dir='ltr'>possint,</span> <span class='ocrx_word' id='word_1_39' title='bbox 369 1113 400 1174; x_wconf 92' lang='lat' dir='ltr'><strong>id</strong></span> <span class='ocrx_word' id='word_1_40' title='bbox 422 1122 470 1176; x_wconf 87' lang='lat' dir='ltr'><strong>est</strong></span> <span class='ocrx_word' id='word_1_41' title='bbox 487 1131 590 1175; x_wconf 89' lang='lat' dir='ltr'><strong>meuse</strong></span> <span class='ocrx_word' id='word_1_42' title='bbox 609 1121 745 1194; x_wconf 80' lang='lat' dir='ltr'><strong>augusto.</strong></span> <span class='ocrx_word' id='word_1_43' title='bbox 781 1114 817 1175; x_wconf 93' lang='lat' dir='ltr'><strong>de</strong></span> <span class='ocrx_word' id='word_1_44' title='bbox 836 1115 893 1176; x_wconf 90' lang='lat' dir='ltr'><strong>hoc</strong></span> <span class='ocrx_word' id='word_1_45' title='bbox 912 1122 1011 1176; x_wconf 91' lang='lat' dir='ltr'><strong>musto</strong></span> <span class='ocrx_word' id='word_1_46' title='bbox 1031 1133 1134 1176; x_wconf 87' lang='lat' dir='ltr'><strong>earum</strong></span> <span class='ocrx_word' id='word_1_47' title='bbox 1152 1133 1234 1176; x_wconf 89' lang='lat' dir='ltr'><strong>men-</strong></span> 
     </span>
     <span class='ocr_line' id='line_1_8' title="bbox 217 1203 1235 1283; baseline 0 -19"><span class='ocrx_word' id='word_1_48' title='bbox 217 1221 304 1265; x_wconf 80' lang='lat' dir='ltr'><strong>suras</strong></span> <span class='ocrx_word' id='word_1_49' title='bbox 327 1211 358 1264; x_wconf 93' lang='lat' dir='ltr'><strong>et</strong></span> <span class='ocrx_word' id='word_1_50' title='bbox 386 1211 530 1283; x_wconf 87' lang='lat' dir='ltr'><strong>quantum</strong></span> <span class='ocrx_word' id='word_1_51' title='bbox 552 1203 682 1264; x_wconf 88' lang='lat' dir='ltr'><strong>volueris</strong></span> <span class='ocrx_word' id='word_1_52' title='bbox 705 1205 807 1266; x_wconf 85' lang='lat' dir='ltr'><strong>mittis.</strong></span> <span class='ocrx_word' id='word_1_53' title='bbox 845 1211 875 1264; x_wconf 89' lang='lat' dir='ltr'><strong>et</strong></span> <span class='ocrx_word' id='word_1_54' title='bbox 903 1205 946 1264; x_wconf 87' lang='lat' dir='ltr'><strong>sic</strong></span> <span class='ocrx_word' id='word_1_55' title='bbox 973 1203 1064 1266; x_wconf 81' lang='lat' dir='ltr'><strong>facies</strong></span> <span class='ocrx_word' id='word_1_56' title='bbox 1088 1211 1118 1265; x_wconf 89' lang='lat' dir='ltr'><strong>et</strong></span> <span class='ocrx_word' id='word_1_57' title='bbox 1141 1206 1235 1265; x_wconf 90' lang='lat' dir='ltr'><strong>mittis</strong></span> 
     </span>
     <span class='ocr_line' id='line_1_9' title="bbox 219 1291 1235 1374; baseline 0 -20"><span class='ocrx_word' id='word_1_58' title='bbox 219 1299 364 1354; x_wconf 86' lang='lat' dir='ltr'><strong>econtra</strong></span> <span class='ocrx_word' id='word_1_59' title='bbox 386 1292 482 1353; x_wconf 88' lang='lat' dir='ltr'><strong>meilis</strong></span> <span class='ocrx_word' id='word_1_60' title='bbox 513 1300 615 1372; x_wconf 87' lang='lat' dir='ltr'><strong>partes</strong></span> <span class='ocrx_word' id='word_1_61' title='bbox 643 1291 716 1352; x_wconf 92' lang='lat' dir='ltr'><strong>duas</strong></span> <span class='ocrx_word' id='word_1_62' title='bbox 740 1301 770 1353; x_wconf 89' lang='lat' dir='ltr'><strong>ct</strong></span> <span class='ocrx_word' id='word_1_63' title='bbox 793 1294 898 1372; x_wconf 88' lang='lat' dir='ltr'><strong>coquis</strong></span> <span class='ocrx_word' id='word_1_64' title='bbox 920 1294 983 1372; x_wconf 82' lang='lat' dir='ltr'><strong>igni</strong></span> <span class='ocrx_word' id='word_1_65' title='bbox 1007 1291 1102 1374; x_wconf 80' lang='lat' dir='ltr'><strong>molli,</strong></span> <span class='ocrx_word' id='word_1_66' title='bbox 1134 1293 1235 1354; x_wconf 85' lang='lat' dir='ltr'><strong>idest</strong></span> 
     </span>
     <span class='ocr_line' id='line_1_10' title="bbox 216 1379 1235 1463; baseline 0.001 -22"><span class='ocrx_word' id='word_1_67' title='bbox 216 1380 375 1463; x_wconf 84' lang='lat' dir='ltr'><strong>paulatim,</strong></span> <span class='ocrx_word' id='word_1_68' title='bbox 397 1381 493 1442; x_wconf 90' lang='lat' dir='ltr'><strong>donec</strong></span> <span class='ocrx_word' id='word_1_69' title='bbox 512 1383 601 1442; x_wconf 87' lang='lat' dir='ltr'><strong>tertia</strong></span> <span class='ocrx_word' id='word_1_70' title='bbox 618 1398 688 1461; x_wconf 88' lang='lat' dir='ltr'><strong>pars</strong></span> <span class='ocrx_word' id='word_1_71' title='bbox 708 1379 893 1460; x_wconf 74' lang='lat' dir='ltr'><strong>decoquatur</strong></span> <span class='ocrx_word' id='word_1_72' title='bbox 910 1388 1133 1443; x_wconf 86' lang='lat' dir='ltr'><strong>etremaneant</strong></span> <span class='ocrx_word' id='word_1_73' title='bbox 1150 1380 1235 1463; x_wconf 87' lang='lat' dir='ltr'><strong>duae,</strong></span> 
     </span>
     <span class='ocr_line' id='line_1_11' title="bbox 217 1469 1271 1550; baseline 0.001 -20"><span class='ocrx_word' id='word_1_74' title='bbox 217 1476 249 1530; x_wconf 91' lang='lat' dir='ltr'><strong>et</strong></span> <span class='ocrx_word' id='word_1_75' title='bbox 271 1472 393 1549; x_wconf 84' lang='lat' dir='ltr'><strong>reponis</strong></span> <span class='ocrx_word' id='word_1_76' title='bbox 416 1473 448 1531; x_wconf 90' lang='lat' dir='ltr'><strong>in</strong></span> <span class='ocrx_word' id='word_1_77' title='bbox 470 1487 540 1530; x_wconf 86' lang='lat' dir='ltr'><strong>vaso</strong></span> <span class='ocrx_word' id='word_1_78' title='bbox 562 1471 667 1531; x_wconf 77' lang='lat' dir='ltr'><strong>vitreo.</strong></span> <span class='ocrx_word' id='word_1_79' title='bbox 704 1469 755 1530; x_wconf 89' lang='lat' dir='ltr'><strong>alii</strong></span> <span class='ocrx_word' id='word_1_80' title='bbox 777 1472 900 1532; x_wconf 89' lang='lat' dir='ltr'><strong>mittunt</strong></span> <span class='ocrx_word' id='word_1_81' title='bbox 922 1472 1015 1533; x_wconf 85' lang='lat' dir='ltr'><strong>musti</strong></span> <span class='ocrx_word' id='word_1_82' title='bbox 1036 1477 1138 1550; x_wconf 82' lang='lat' dir='ltr'><strong>partes</strong></span> <span class='ocrx_word' id='word_1_83' title='bbox 1161 1471 1234 1532; x_wconf 90' lang='lat' dir='ltr'><strong>duas</strong></span> <span class='ocrx_word' id='word_1_84' title='bbox 1248 1482 1271 1521; x_wconf 85' lang='lat'><strong>1⁰</strong></span> 
     </span>
     <span class='ocr_line' id='line_1_12' title="bbox 218 1557 1235 1639; baseline 0.001 -21"><span class='ocrx_word' id='word_1_85' title='bbox 218 1565 249 1618; x_wconf 89' lang='lat' dir='ltr'><strong>et</strong></span> <span class='ocrx_word' id='word_1_86' title='bbox 268 1557 364 1619; x_wconf 89' lang='lat' dir='ltr'><strong>mellis</strong></span> <span class='ocrx_word' id='word_1_87' title='bbox 383 1560 512 1619; x_wconf 80' lang='lat' dir='ltr'><strong>tertiam.</strong></span> <span class='ocrx_word' id='word_1_88' title='bbox 544 1558 615 1619; x_wconf 84' lang='lat' dir='ltr'><strong>iacit</strong></span> <span class='ocrx_word' id='word_1_89' title='bbox 637 1565 737 1621; x_wconf 86' lang='lat' dir='ltr'><strong>autem</strong></span> <span class='ocrx_word' id='word_1_90' title='bbox 755 1559 792 1620; x_wconf 92' lang='lat' dir='ltr'><strong>ad</strong></span> <span class='ocrx_word' id='word_1_91' title='bbox 810 1577 846 1620; x_wconf 87' lang='lat' dir='ltr'><strong>ea</strong></span> <span class='ocrx_word' id='word_1_92' title='bbox 864 1577 939 1639; x_wconf 88' lang='lat' dir='ltr'><strong>quae</strong></span> <span class='ocrx_word' id='word_1_93' title='bbox 958 1561 1037 1621; x_wconf 86' lang='lat' dir='ltr'><strong>intra</strong></span> <span class='ocrx_word' id='word_1_94' title='bbox 1055 1577 1090 1620; x_wconf 92' lang='lat' dir='ltr'><strong>os</strong></span> <span class='ocrx_word' id='word_1_95' title='bbox 1107 1577 1235 1620; x_wconf 90' lang='lat' dir='ltr'><strong>nascun-</strong></span> 
     </span>
     <span class='ocr_line' id='line_1_13' title="bbox 217 1646 1235 1728; baseline 0.004 -22"><span class='ocrx_word' id='word_1_96' title='bbox 217 1654 268 1707; x_wconf 85' lang='lat' dir='ltr'><strong>tur</strong></span> <span class='ocrx_word' id='word_1_97' title='bbox 291 1646 393 1708; x_wconf 91' lang='lat' dir='ltr'><strong>ulcera</strong></span> <span class='ocrx_word' id='word_1_98' title='bbox 416 1648 498 1707; x_wconf 91' lang='lat' dir='ltr'><strong>omni</strong></span> <span class='ocrx_word' id='word_1_99' title='bbox 520 1648 623 1728; x_wconf 81' lang='lat' dir='ltr'><strong>aetati,</strong></span> <span class='ocrx_word' id='word_1_100' title='bbox 646 1646 718 1709; x_wconf 83' lang='lat' dir='ltr'><strong>iacit</strong></span> <span class='ocrx_word' id='word_1_101' title='bbox 740 1648 776 1709; x_wconf 93' lang='lat' dir='ltr'><strong>ad</strong></span> <span class='ocrx_word' id='word_1_102' title='bbox 799 1665 919 1709; x_wconf 90' lang='lat' dir='ltr'><strong>omnem</strong></span> <span class='ocrx_word' id='word_1_103' title='bbox 941 1654 1057 1710; x_wconf 86' lang='lat' dir='ltr'><strong>aestum</strong></span> <span class='ocrx_word' id='word_1_104' title='bbox 1080 1656 1235 1728; x_wconf 81' lang='lat' dir='ltr'><strong>aegrotan-</strong></span> 
     </span>
    </p>

    <p class='ocr_par' dir='ltr' id='par_1_5' title="bbox 194 1734 1271 2261">
     <span class='ocr_line' id='line_1_14' title="bbox 194 1734 1235 1816; baseline 0.001 -20"><span class='ocrx_word' id='word_1_105' title='bbox 194 1735 299 1796; x_wconf 87' lang='lat' dir='ltr'><strong>tibus</strong></span> <span class='ocrx_word' id='word_1_106' title='bbox 323 1743 354 1797; x_wconf 91' lang='lat' dir='ltr'><strong>et</strong></span> <span class='ocrx_word' id='word_1_107' title='bbox 376 1753 453 1816; x_wconf 81' lang='lat' dir='ltr'><strong>quos</strong></span> <span class='ocrx_word' id='word_1_108' title='bbox 475 1734 541 1797; x_wconf 88' lang='lat' dir='ltr'><strong>lues</strong></span> <span class='ocrx_word' id='word_1_109' title='bbox 567 1735 702 1816; x_wconf 84' lang='lat' dir='ltr'><strong>possidet</strong></span> <span class='ocrx_word' id='word_1_110' title='bbox 724 1744 756 1798; x_wconf 91' lang='lat' dir='ltr'><strong>et</strong></span> <span class='ocrx_word' id='word_1_111' title='bbox 778 1735 814 1798; x_wconf 92' lang='lat' dir='ltr'><strong>ad</strong></span> <span class='ocrx_word' id='word_1_112' title='bbox 841 1734 1047 1816; x_wconf 77' lang='lat' dir='ltr'><strong>dysentericus</strong></span> <span class='ocrx_word' id='word_1_113' title='bbox 1069 1745 1101 1799; x_wconf 93' lang='lat' dir='ltr'><strong>et</strong></span> <span class='ocrx_word' id='word_1_114' title='bbox 1123 1737 1160 1798; x_wconf 94' lang='lat' dir='ltr'><strong>ad</strong></span> <span class='ocrx_word' id='word_1_115' title='bbox 1185 1755 1235 1798; x_wconf 89' lang='lat' dir='ltr'><strong>eos</strong></span> 
     </span>
     <span class='ocr_line' id='line_1_15' title="bbox 218 1820 1236 1906; baseline 0.003 -22"><span class='ocrx_word' id='word_1_116' title='bbox 218 1825 271 1904; x_wconf 87' lang='lat' dir='ltr'><strong>qui</strong></span> <span class='ocrx_word' id='word_1_117' title='bbox 300 1820 382 1905; x_wconf 81' lang='lat' dir='ltr'><strong>(de)</strong></span> <span class='ocrx_word' id='word_1_118' title='bbox 408 1823 562 1886; x_wconf 81' lang='lat' dir='ltr'><strong>stomacho</strong></span> <span class='ocrx_word' id='word_1_119' title='bbox 590 1832 760 1904; x_wconf 89' lang='lat' dir='ltr'><strong>queruntur</strong></span> <span class='ocrx_word' id='word_1_120' title='bbox 782 1833 814 1886; x_wconf 89' lang='lat' dir='ltr'><strong>et</strong></span> <span class='ocrx_word' id='word_1_121' title='bbox 841 1826 877 1886; x_wconf 90' lang='lat' dir='ltr'><strong>ad</strong></span> <span class='ocrx_word' id='word_1_122' title='bbox 904 1825 1110 1906; x_wconf 82' lang='lat' dir='ltr'><strong>digestionem.</strong></span> <span class='ocrx_word' id='word_1_123' title='bbox 1147 1825 1236 1888; x_wconf 88' lang='lat' dir='ltr'><strong>datur</strong></span> 
     </span>
     <span class='ocr_line' id='line_1_16' title="bbox 218 1911 1271 1998; baseline 0.001 -24"><span class='ocrx_word' id='word_1_124' title='bbox 218 1921 319 1975; x_wconf 88' lang='lat' dir='ltr'><strong>autern</strong></span> <span class='ocrx_word' id='word_1_125' title='bbox 345 1915 378 1974; x_wconf 90' lang='lat' dir='ltr'><strong>in</strong></span> <span class='ocrx_word' id='word_1_126' title='bbox 410 1931 487 1994; x_wconf 89' lang='lat' dir='ltr'><strong>aqua</strong></span> <span class='ocrx_word' id='word_1_127' title='bbox 513 1911 617 1974; x_wconf 85' lang='lat' dir='ltr'><strong>calida</strong></span> <span class='ocrx_word' id='word_1_128' title='bbox 633 1912 671 1974; x_wconf 90' lang='lat' dir='ltr'><strong>ad</strong></span> <span class='ocrx_word' id='word_1_129' title='bbox 702 1913 825 1975; x_wconf 90' lang='lat' dir='ltr'><strong>modum</strong></span> <span class='ocrx_word' id='word_1_130' title='bbox 852 1913 996 1976; x_wconf 85' lang='lat' dir='ltr'><strong>coclearia</strong></span> <span class='ocrx_word' id='word_1_131' title='bbox 1028 1915 1101 1998; x_wconf 86' lang='lat' dir='ltr'><strong>duo,</strong></span> <span class='ocrx_word' id='word_1_132' title='bbox 1134 1922 1165 1976; x_wconf 89' lang='lat' dir='ltr'><strong>et</strong></span> <span class='ocrx_word' id='word_1_133' title='bbox 1193 1917 1236 1977; x_wconf 89' lang='lat' dir='ltr'><strong>sic</strong></span> <span class='ocrx_word' id='word_1_134' title='bbox 1249 1924 1271 1966; x_wconf 78' lang='lat'><strong>¹⁵</strong></span> 
     </span>
     <span class='ocr_line' id='line_1_17' title="bbox 218 2001 1237 2083; baseline 0.002 -21"><span class='ocrx_word' id='word_1_135' title='bbox 218 2010 374 2083; x_wconf 89' lang='lat' dir='ltr'><strong>acceptum</strong></span> <span class='ocrx_word' id='word_1_136' title='bbox 402 2002 653 2064; x_wconf 85' lang='lat' dir='ltr'><strong>medicamentum</strong></span> <span class='ocrx_word' id='word_1_137' title='bbox 679 2001 764 2065; x_wconf 87' lang='lat' dir='ltr'><strong>valet.</strong></span> <span class='ocrx_word' id='word_1_138' title='bbox 806 2021 877 2064; x_wconf 89' lang='lat' dir='ltr'><strong>sane</strong></span> <span class='ocrx_word' id='word_1_139' title='bbox 907 2011 1008 2064; x_wconf 88' lang='lat' dir='ltr'><strong>autem</strong></span> <span class='ocrx_word' id='word_1_140' title='bbox 1039 2004 1075 2064; x_wconf 91' lang='lat' dir='ltr'><strong>ad</strong></span> <span class='ocrx_word' id='word_1_141' title='bbox 1102 2022 1156 2064; x_wconf 90' lang='lat' dir='ltr'><strong>eos</strong></span> <span class='ocrx_word' id='word_1_142' title='bbox 1185 2003 1237 2083; x_wconf 81' lang='lat' dir='ltr'><strong>qui</strong></span> 
     </span>
     <span class='ocr_line' id='line_1_18' title="bbox 218 2091 1237 2172; baseline 0.004 -21"><span class='ocrx_word' id='word_1_143' title='bbox 218 2093 300 2152; x_wconf 91' lang='lat' dir='ltr'><strong>sitim</strong></span> <span class='ocrx_word' id='word_1_144' title='bbox 317 2093 474 2171; x_wconf 91' lang='lat' dir='ltr'><strong>patiuntur</strong></span> <span class='ocrx_word' id='word_1_145' title='bbox 491 2091 538 2152; x_wconf 89' lang='lat' dir='ltr'><strong>rel</strong></span> <span class='ocrx_word' id='word_1_146' title='bbox 557 2091 666 2172; x_wconf 78' lang='lat' dir='ltr'><strong>quidm</strong></span> <span class='ocrx_word' id='word_1_147' title='bbox 686 2091 788 2172; x_wconf 91' lang='lat' dir='ltr'><strong>pulmo</strong></span> <span class='ocrx_word' id='word_1_148' title='bbox 813 2093 927 2155; x_wconf 89' lang='lat' dir='ltr'><strong>aruerit</strong></span> <span class='ocrx_word' id='word_1_149' title='bbox 945 2092 992 2154; x_wconf 89' lang='lat' dir='ltr'><strong>vel</strong></span> <span class='ocrx_word' id='word_1_150' title='bbox 1016 2095 1042 2156; x_wconf 91' lang='lat' dir='ltr'><strong>is</strong></span> <span class='ocrx_word' id='word_1_151' title='bbox 1062 2093 1237 2172; x_wconf 89' lang='lat' dir='ltr'><strong>quirinum</strong></span> 
     </span>
     <span class='ocr_line' id='line_1_19' title="bbox 217 2179 787 2261; baseline 0.004 -21"><span class='ocrx_word' id='word_1_152' title='bbox 217 2179 390 2242; x_wconf 86' lang='lat' dir='ltr'><strong>desiderant</strong></span> <span class='ocrx_word' id='word_1_153' title='bbox 411 2179 496 2241; x_wconf 89' lang='lat' dir='ltr'><strong>dabis</strong></span> <span class='ocrx_word' id='word_1_154' title='bbox 519 2181 551 2242; x_wconf 91' lang='lat' dir='ltr'><strong>in</strong></span> <span class='ocrx_word' id='word_1_155' title='bbox 574 2198 649 2260; x_wconf 84' lang='lat' dir='ltr'><strong>aqua</strong></span> <span class='ocrx_word' id='word_1_156' title='bbox 672 2180 787 2261; x_wconf 79' lang='lat' dir='ltr'><strong>frigida.</strong></span> 
     </span>
    </p>
   </div>
   <div class='ocr_carea' id='block_1_5' title="bbox 217 2437 1295 2850">
    <p class='ocr_par' dir='ltr' id='par_1_6' title="bbox 217 2437 1295 2728">
     <span class='ocr_line' id='line_1_20' title="bbox 292 2437 1237 2510; baseline 0.005 -17"><span class='ocrx_word' id='word_1_157' title='bbox 292 2444 306 2493; x_wconf 95' lang='lat'>1</span> <span class='ocrx_word' id='word_1_158' title='bbox 327 2439 356 2494; x_wconf 77' lang='lat' dir='ltr'><strong>et</strong></span> <span class='ocrx_word' id='word_1_159' title='bbox 374 2437 398 2493; x_wconf 85' lang='lat' dir='ltr'><strong>si</strong></span> <span class='ocrx_word' id='word_1_160' title='bbox 415 2437 513 2494; x_wconf 73' lang='lat' dir='ltr'><strong>hrtsas</strong></span> <span class='ocrx_word' id='word_1_161' title='bbox 529 2455 554 2495; x_wconf 85' lang='lat' dir='ltr'><strong>n.</strong></span> <span class='ocrx_word' id='word_1_162' title='bbox 609 2439 892 2510; x_wconf 73' lang='lat' dir='ltr'><strong>sdiscridiumpo.t</strong></span> <span class='ocrx_word' id='word_1_163' title='bbox 913 2442 1237 2510; x_wconf 64' lang='lat' dir='ltr'><strong>÷111:e.rnv.iose</strong></span> 
     </span>
     <span class='ocr_line' id='line_1_21' title="bbox 217 2509 1237 2582; baseline 0.002 -16"><span class='ocrx_word' id='word_1_164' title='bbox 217 2509 351 2582; x_wconf 79' lang='lat' dir='ltr'><strong>tosticum</strong></span> <span class='ocrx_word' id='word_1_165' title='bbox 368 2510 447 2566; x_wconf 82' lang='lat' dir='ltr'><strong>utilis</strong></span> <span class='ocrx_word' id='word_1_166' title='bbox 459 2525 506 2580; x_wconf 71' lang='lat' dir='ltr'><strong>po.</strong></span> <span class='ocrx_word' id='word_1_167' title='bbox 556 2515 573 2565; x_wconf 82' lang='lat'><strong>3</strong></span> <span class='ocrx_word' id='word_1_168' title='bbox 593 2509 631 2566; x_wconf 79' lang='lat' dir='ltr'><strong>sit</strong></span> <span class='ocrx_word' id='word_1_169' title='bbox 643 2527 669 2568; x_wconf 89' lang='lat' dir='ltr'><strong>o.</strong></span> <span class='ocrx_word' id='word_1_170' title='bbox 718 2513 761 2566; x_wconf 78' lang='lat' dir='ltr'><strong>tit.</strong></span> <span class='ocrx_word' id='word_1_171' title='bbox 779 2511 897 2568; x_wconf 76' lang='lat' dir='ltr'><strong>Amiano</strong></span> <span class='ocrx_word' id='word_1_172' title='bbox 915 2511 1151 2582; x_wconf 61' lang='lat' dir='ltr'><strong>memoratoria,</strong></span> <span class='ocrx_word' id='word_1_173' title='bbox 1170 2513 1237 2568; x_wconf 82' lang='lat' dir='ltr'><strong>Am-</strong></span> 
     </span>
     <span class='ocr_line' id='line_1_22' title="bbox 218 2581 1239 2657; baseline 0.005 -21"><span class='ocrx_word' id='word_1_174' title='bbox 218 2581 351 2638; x_wconf 82' lang='lat' dir='ltr'><strong>facomeli</strong></span> <span class='ocrx_word' id='word_1_175' title='bbox 368 2599 385 2637; x_wconf 85' lang='lat' dir='ltr'><strong>o</strong></span> <span class='ocrx_word' id='word_1_176' title='bbox 403 2581 450 2652; x_wconf 80' lang='lat' dir='ltr'><strong>(cf.</strong></span> <span class='ocrx_word' id='word_1_177' title='bbox 470 2581 582 2638; x_wconf 77' lang='lat' dir='ltr'><strong>Poilcd.</strong></span> <span class='ocrx_word' id='word_1_178' title='bbox 601 2593 641 2642; x_wconf 60' lang='grc' dir='ltr'><strong>ΙΙ,</strong></span> <span class='ocrx_word' id='word_1_179' title='bbox 657 2583 709 2652; x_wconf 78' lang='grc'><strong>13).</strong></span> <span class='ocrx_word' id='word_1_180' title='bbox 776 2587 794 2637; x_wconf 74' lang='lat'>6</span> <span class='ocrx_word' id='word_1_181' title='bbox 817 2582 922 2638; x_wconf 77' lang='lat' dir='ltr'><strong>habere</strong></span> <span class='ocrx_word' id='word_1_182' title='bbox 944 2582 1085 2657; x_wconf 72' lang='lat' dir='ltr'><strong>inmatura</strong></span> <span class='ocrx_word' id='word_1_183' title='bbox 1107 2581 1204 2640; x_wconf 76' lang='lat' dir='ltr'><strong>facere</strong></span> <span class='ocrx_word' id='word_1_184' title='bbox 1220 2599 1239 2656; x_wconf 91' lang='grc'><em>9</em></span> 
     </span>
     <span class='ocr_line' id='line_1_23' title="bbox 218 2652 1295 2728; baseline 0.003 -21"><span class='ocrx_word' id='word_1_185' title='bbox 218 2652 925 2724; x_wconf 74' lang='lat' dir='ltr'><strong>(in=iproi.=idest?).linm.foc.om.o.</strong></span> <span class='ocrx_word' id='word_1_186' title='bbox 979 2655 1236 2726; x_wconf 74' lang='lat' dir='ltr'><strong>6-8(r)sic9o.</strong></span> <span class='ocrx_word' id='word_1_187' title='bbox 1294 2719 1295 2728; x_wconf 10' lang='grc' dir='ltr'>χ</span> 
     </span>
    </p>

    <p class='ocr_par' dir='ltr' id='par_1_7' title="bbox 263 2724 1295 2850">
     <span class='ocr_line' id='line_1_24' title="bbox 263 2724 1295 2850; baseline 0.001 -70"><span class='ocrx_word' id='word_1_188' title='bbox 263 2726 329 2780; x_wconf 76' lang='lat' dir='ltr'><strong>‘tet</strong></span> <span class='ocrx_word' id='word_1_189' title='bbox 345 2725 385 2780; x_wconf 83' lang='lat' dir='ltr'><strong>sic</strong></span> <span class='ocrx_word' id='word_1_190' title='bbox 403 2724 491 2780; x_wconf 83' lang='lat' dir='ltr'><strong>facies</strong></span> <span class='ocrx_word' id='word_1_191' title='bbox 506 2741 560 2783; x_wconf 86' lang='lat' dir='ltr'><strong>om.</strong></span> <span class='ocrx_word' id='word_1_192' title='bbox 578 2741 603 2781; x_wconf 89' lang='lat' dir='ltr'><strong>o.</strong></span> <span class='ocrx_word' id='word_1_193' title='bbox 667 2730 805 2795; x_wconf 70' lang='lat' dir='ltr'><strong>deoques</strong></span> <span class='ocrx_word' id='word_1_194' title='bbox 822 2741 860 2795; x_wconf 73' lang='lat' dir='ltr'><strong>po</strong></span> <span class='ocrx_word' id='word_1_195' title='bbox 883 2724 992 2850; x_wconf 69' lang='lat' dir='ltr'><strong>(copnis</strong></span> <span class='ocrx_word' id='word_1_196' title='bbox 1009 2730 1074 2780; x_wconf 76' lang='lat' dir='ltr'><strong>arete</strong></span> <span class='ocrx_word' id='word_1_197' title='bbox 1090 2741 1163 2781; x_wconf 83' lang='lat' dir='ltr'><strong>corr.</strong></span> <span class='ocrx_word' id='word_1_198' title='bbox 1181 2725 1234 2796; x_wconf 72' lang='grc' dir='ltr'><strong>9).Ι</strong></span> <span class='ocrx_word' id='word_1_199' title='bbox 1294 2751 1295 2773; x_wconf 62' lang='lat' dir='ltr'><strong>r</strong></span> 
     </span>
    </p>
   </div>
   <div class='ocr_carea' id='block_1_6' title="bbox 218 2795 1237 3008">
    <p class='ocr_par' dir='ltr' id='par_1_8' title="bbox 218 2795 1237 3008">
     <span class='ocr_line' id='line_1_25' title="bbox 218 2795 1192 2866; baseline 0.004 -18"><span class='ocrx_word' id='word_1_200' title='bbox 218 2795 304 2850; x_wconf 88' lang='lat' dir='ltr'><strong>molle</strong></span> <span class='ocrx_word' id='word_1_201' title='bbox 326 2812 352 2850; x_wconf 85' lang='lat' dir='ltr'><strong>o.</strong></span> <span class='ocrx_word' id='word_1_202' title='bbox 422 2801 455 2851; x_wconf 89' lang='lat'><strong>10</strong></span> <span class='ocrx_word' id='word_1_203' title='bbox 473 2811 591 2864; x_wconf 82' lang='lat' dir='ltr'><strong>repones</strong></span> <span class='ocrx_word' id='word_1_204' title='bbox 612 2811 642 2866; x_wconf 85' lang='grc'><strong>9,</strong></span> <span class='ocrx_word' id='word_1_205' title='bbox 669 2811 758 2864; x_wconf 91' lang='lat' dir='ltr'><strong>pones</strong></span> <span class='ocrx_word' id='word_1_206' title='bbox 780 2813 805 2851; x_wconf 76' lang='lat' dir='ltr'><strong>o,</strong></span> <span class='ocrx_word' id='word_1_207' title='bbox 870 2801 903 2850; x_wconf 91' lang='lat'><strong>11</strong></span> <span class='ocrx_word' id='word_1_208' title='bbox 939 2796 1014 2851; x_wconf 78' lang='lat' dir='ltr'><strong>aciat</strong></span> <span class='ocrx_word' id='word_1_209' title='bbox 1034 2813 1053 2866; x_wconf 98' lang='grc'><em>9</em></span> <span class='ocrx_word' id='word_1_210' title='bbox 1075 2795 1131 2866; x_wconf 73' lang='lat' dir='ltr'><strong>(fao</strong></span> <span class='ocrx_word' id='word_1_211' title='bbox 1155 2799 1192 2864; x_wconf 84' lang='lat' dir='ltr'><strong>v).</strong></span> 
     </span>
     <span class='ocr_line' id='line_1_26' title="bbox 220 2865 1237 2938; baseline 0.002 -18"><span class='ocrx_word' id='word_1_212' title='bbox 220 2871 253 2920; x_wconf 84' lang='lat'><strong>13</strong></span> <span class='ocrx_word' id='word_1_213' title='bbox 268 2865 322 2920; x_wconf 87' lang='lat' dir='ltr'><strong>luis</strong></span> <span class='ocrx_word' id='word_1_214' title='bbox 335 2880 354 2935; x_wconf 89' lang='grc'><em>9</em></span> <span class='ocrx_word' id='word_1_215' title='bbox 367 2865 481 2936; x_wconf 79' lang='lat' dir='ltr'><strong>(iusso).</strong></span> <span class='ocrx_word' id='word_1_216' title='bbox 497 2867 503 2936; x_wconf 91' lang='grc'>1</span> <span class='ocrx_word' id='word_1_217' title='bbox 518 2866 702 2936; x_wconf 82' lang='lat' dir='ltr'><strong>dysintericos</strong></span> <span class='ocrx_word' id='word_1_218' title='bbox 714 2882 762 2937; x_wconf 73' lang='lat' dir='ltr'><strong>pn.</strong></span> <span class='ocrx_word' id='word_1_219' title='bbox 809 2872 843 2938; x_wconf 69' lang='lat'><strong>14</strong></span> <span class='ocrx_word' id='word_1_220' title='bbox 857 2866 892 2922; x_wconf 87' lang='lat' dir='ltr'><strong>de</strong></span> <span class='ocrx_word' id='word_1_221' title='bbox 911 2868 1017 2924; x_wconf 77' lang='lat' dir='ltr'><strong>addidi.</strong></span> <span class='ocrx_word' id='word_1_222' title='bbox 1055 2873 1088 2923; x_wconf 78' lang='lat'><strong>15</strong></span> <span class='ocrx_word' id='word_1_223' title='bbox 1103 2866 1237 2925; x_wconf 79' lang='lat' dir='ltr'><strong>cocliaria</strong></span> 
     </span>
     <span class='ocr_line' id='line_1_27' title="bbox 218 2936 754 3008; baseline 0.004 -18"><span class='ocrx_word' id='word_1_224' title='bbox 218 2951 236 3005; x_wconf 92' lang='grc'><em>9</em></span> <span class='ocrx_word' id='word_1_225' title='bbox 256 2936 457 3007; x_wconf 73' lang='lat' dir='ltr'><strong>(coelestino).</strong></span> <span class='ocrx_word' id='word_1_226' title='bbox 519 2943 551 2992; x_wconf 79' lang='lat'><strong>1‘1</strong></span> <span class='ocrx_word' id='word_1_227' title='bbox 569 2937 613 2993; x_wconf 85' lang='lat' dir='ltr'><strong>his</strong></span> <span class='ocrx_word' id='word_1_228' title='bbox 630 2953 650 3008; x_wconf 92' lang='grc'><em>9</em></span> <span class='ocrx_word' id='word_1_229' title='bbox 667 2937 701 3006; x_wconf 91' lang='lat' dir='ltr'><strong>(is</strong></span> <span class='ocrx_word' id='word_1_230' title='bbox 719 2940 754 3008; x_wconf 85' lang='lat' dir='ltr'><strong>n).</strong></span> 
     </span>
    </p>
   </div>
   <div class='ocr_carea' id='block_1_7' title="bbox 0 0 1317 4040">
    <p class='ocr_par' dir='ltr' id='par_1_9' title="bbox 0 0 1317 4040">
     <span class='ocr_line' id='line_1_28' title="bbox 0 0 1317 4040; baseline 0 0"><span class='ocrx_word' id='word_1_231' title='bbox 0 0 1317 4040; x_wconf 95' lang='lat' dir='ltr'><strong> </strong></span> 
     </span>
    </p>
   </div>
  </div>
 </body>
</html>
