2620 4030
480 219 700 372 -ssar-

83 428 150 487 rino
172 428 345 506 imponitur.
382 427 472 506 adeps
496 430 601 508 anguis
623 431 733 491 mixtus
757 428 830 490 oleo.
894 431 933 484 ib.

83 517 226 594 anguium
252 518 327 577 einis
355 534 391 576 er
421 516 495 576 oleo.
537 535 604 578 esse
633 535 683 578 eos
712 535 831 597 quoque
894 519 931 572 io.

82 606 267 683 praecipitur
293 603 416 666 abscisis
445 603 463 665 a
492 608 588 685 eapite
611 613 642 668 et
669 607 762 667 cauda
788 607 831 667 ‹li-

82 694 151 770 gitis
182 696 349 775 quaternis,
385 701 436 754 aut
468 696 600 755 cinerem
632 703 832 756 crematorum

57 779 194 842 ⁵hihere.
235 782 336 843 fimum
365 782 567 844 columbinum
594 785 751 864 imponunt
783 783 832 844 alii
859 793 946 856 30‚38.

82 873 173 931 mixta
196 869 290 931 farina
311 871 477 932 hordeacea
500 891 537 933 ex
564 881 648 935 aoeto
672 875 742 934 aeri.
778 873 830 933 tal-
894 872 930 928 ib.

80 977 136 1040 pae
161 960 235 1020 einis
254 976 290 1020 ex
310 959 397 1029 melle
420 962 591 1040 imponitur.
627 964 712 1022 ieeur
735 961 829 1041 talpae
893 961 930 1015 ib·

81 1047 202 1127 quidam
215 1050 295 1108 inter
307 1053 590 1112 manus‘eontritum
608 1050 831 1111 circumliniunt

81 1145 111 1198 et
135 1136 235 1198 triduo
259 1155 318 1197 non
342 1136 475 1198 abluunt.
511 1139 607 1218 talpae
627 1141 723 1218 capita
745 1157 829 1218 prae·
893 1139 929 1192 ib.

45 1234 68 1273 1⁰
81 1226 222 1287 eiduntur
246 1234 275 1286 et
298 1245 367 1287 ourn
389 1233 470 1286 terra
493 1227 614 1307 atalpis
638 1234 738 1305 egesta
761 1245 830 1287 oon·

82 1322 223 1375 teramtur
252 1321 282 1374 et
313 1317 343 1375 in
375 1314 509 1394 pastillos
524 1376 526 1379 .
544 1314 735 1394 rediguntur:
779 1318 830 1396 qui

81 1405 106 1464 si
137 1411 292 1464 servantur
314 1405 346 1464 in
370 1411 491 1482 stagnea
517 1404 624 1484 pyxide
647 1403 737 1466 utiles
760 1411 830 1468 sunt

80 1491 116 1552 ad
132 1493 231 1552 omnia
245 1500 433 1571 apostemata.
452 1512 569 1554 vermes
579 1495 693 1555 terreni
706 1493 829 1554 totidem
858 1501 944 1564 aeae

80 1589 155 1659 quot
177 1588 307 1641 strumae
332 1589 402 1642 sunt
424 1579 533 1660 alligati
556 1600 625 1642 earm
647 1582 694 1642 his
717 1584 830 1662 pariter

44 1676 230 1740 warascum.
272 1669 515 1749 circumligantur
546 1670 607 1732 lino
641 1690 700 1752 quo
728 1673 830 1751 vipera
857 1679 973 1741 3240.-

79 1757 242 1837 suspendio
257 1761 354 1819 ooeisa
369 1767 422 1820 est.
459 1759 614 1838 milipedas
634 1763 830 1840 imponuntur
857 1768 943 1830 30,40.

79 1845 179 1908 addita
210 1849 327 1907 resinae
359 1854 443 1927 parte
481 1857 599 1927 quarta:
640 1867 701 1909 non
733 1847 829 1908 solum

46 2007 54 2016 ,
80 1943 211 1997 strumas
230 1937 272 1996 sio
292 1939 391 1996 curari
409 1939 596 2016 praecipiunt
610 1936 662 1997 sed
682 1942 713 1996 et
731 1938 830 2014 omnia

79 2031 269 2104 apostemata.
307 2027 433 2104 axungia
456 2022 490 2106 <.
506 2073 513 2086 .
528 2021 650 2105 >eulx
672 2027 737 2084 viva
760 2041 829 2084 cum
857 2033 961 2095 28,140.

43 2119 66 2158 ²⁰
78 2115 181 2174 resina
203 2112 314 2192 liquida
336 2113 382 2174 vel
405 2112 490 2193 adipe
509 2113 595 2174 suillo
619 2113 718 2175 addito
742 2112 828 2173 melle
856 2122 961 2185 36,180.

79 2203 205 2264 strumis
228 2202 341 2262 utiliter
364 2203 531 2264 assailiatur.
569 2202 608 2263 lel
627 2204 765 2283 aprinum
783 2201 829 2262 vel
857 2207 953 2272 28,190
972 2202 1033 2272 (om.
1052 2205 1077 2270 r)

77 2289 227 2352 bubulum
248 2290 382 2370 tepidum
407 2290 567 2353 inlinitum.
604 2291 730 2371 ungulae
755 2293 830 2352 asini
857 2300 961 2363 28,191.

77 2380 125 2440 vel
155 2379 225 2457 equi
248 2381 324 2439 einis
352 2398 388 2440 er
415 2398 491 2458 aqua
517 2380 563 2441 vel
591 2380 657 2441 oleo
684 2380 829 2441 inlinitur.

77 2467 226 2528 bubulum
253 2485 354 2528 sevum
383 2486 419 2528 ex
449 2469 514 2528 oleo
541 2471 712 2549 imponitur.
750 2468 830 2530 ebuli
857 2478 961 2541 28,192.

150 2698 167 2746 2
188 2691 278 2747 edisse
298 2691 365 2761 Pet
386 2708 445 2748 esse
464 2709 510 2747 eos
528 2709 638 2762 qnoque
651 2711 679 2762 p.
693 2694 752 2761 prb
771 2691 817 2758 (ef.
833 2690 903 2760 Pl.):
923 2705 983 2746 esse
998 2691 1095 2745 autem

78 2779 127 2818 eos
144 2781 174 2832 p.
192 2763 220 2817 ri.
274 2769 290 2817 3
310 2763 407 2834 digitis
425 2764 567 2832 qnatemia
585 2779 635 2819 oso.
656 2763 701 2818 Pl.
721 2763 781 2831 (aot
799 2761 931 2816 extremis
947 2761 1095 2832 partibus).

115 2841 132 2890 8
150 2833 258 2888 oiroum
275 2833 380 2890 liniunt
396 2835 468 2904 prb:
486 2833 613 2889 illiniunt
630 2835 658 2890 d.
704 2830 859 2888 9triduum
873 2833 900 2888 d.
951 2838 984 2887 11
998 2831 1095 2903 pastil-

78 2903 122 2958 los
144 2905 183 2960 rt
203 2904 283 2974 (Pila
310 2905 425 2975 pastillo
447 2923 478 2975 p,
501 2904 621 2974 postella
643 2905 669 2960 d.
696 2903 783 2972 tQue
806 2903 880 2973 sid,
907 2904 1022 2975 quasip
1045 2905 1096 2975 (sio

78 2992 134 3044 que
153 2977 189 3044 b).
240 2982 273 3029 12
292 2975 396 3045 puxide
409 2993 440 3046 9,
458 2975 588 3046 pixided.
610 2979 614 3043 Ι
635 2976 712 3032 utilis
726 2974 821 3044 (utiles
835 2977 865 3045 b,
883 2991 934 3031 osta
949 2979 1025 3047 aunt)
1042 2976 1095 3045 pb:

77 3045 163 3101 utilia
184 3049 250 3101 suut
272 3047 299 3102 d.
372 3053 405 3101 13
434 3048 612 3117 apostemata
637 3063 663 3117 p.
737 3052 772 3101 14
794 3049 861 3102 sunt
886 3049 993 3102 souma
1019 3048 1047 3103 d.

79 3121 114 3171 15
134 3116 348 3188 circumligatur
364 3119 391 3173 d.
442 3125 475 3172 16
489 3117 643 3191 Milepedp,
661 3117 822 3187 Millipedes
834 3119 854 3173 d
867 3117 1047 3189 (millepedas
1060 3119 1095 3185 b).

116 3193 150 3242 17
169 3187 277 3244 resinae
294 3189 502 3244 terebinthinae
521 3189 567 3245 Pl.
636 3194 669 3243 19
688 3189 867 3259 apostomata
884 3206 910 3259 9.
935 3192 941 3258 Ι
965 3188 1097 3272 Axungin

77 3257 147 3314 viva
163 3264 211 3315 ate.
230 3261 270 3314 sio
288 3260 452 3330 dplwra'tns
470 3261 576 3314 masia
598 3258 735 3328 (admixta
755 3259 848 3314 farina
866 3260 1096 3316 salsamentariae

78 3330 172 3385 testae
187 3331 242 3399 Pl,
261 3348 325 3385 eum
342 3333 418 3387 testa
435 3331 496 3387 vasi
512 3330 718 3386 salsamentarii
736 3331 1094 3401 ooutuaaMare.p.109):

77 3398 151 3455 calx
166 3401 234 3456 riva
252 3403 314 3474 (aaa.
327 3401 460 3473 axungia)
478 3403 544 3472 prb.
600 3401 949 3474 eoauiltora(1³t.,n1)=
972 3401 1029 3456 suis
1045 3401 1094 3470 qd.

129 3477 163 3526 21
183 3471 335 3528 auxiliatur
356 3472 465 3528 utiliter
477 3474 508 3540 ,ct
533 3476 537 3539 Ι
562 3470 613 3527 fel:
636 3473 683 3528 val
700 3473 761 3528 Sta.
782 3473 864 3542 (Just)
888 3475 969 3528 evit.
993 3479 1050 3544 typ.

77 3547 115 3596 22
134 3547 160 3667 qt
169 3544 367 3669 Atplbllpplbulum
379 3560 418 3614 pr
431 3544 513 3614 (Pl.):
531 3543 697 3598 bubulinum
711 3546 738 3599 d.
789 3551 823 3598 23
836 3543 883 3598 vel
899 3544 958 3598 Pl:
977 3544 1006 3598 et
1023 3542 1098 3612 patr.

115 3619 134 3666 2
195 3630 210 3670 e
263 3613 309 3684 ‘p

135 3716 202 3756 Pllnll
214 3715 311 3759 tumoris
324 3717 442 3759 medicina.
622 3729 626 3736 ·
920 3710 936 3758 6
