2620 4030
488 233 730 296 -115-

214 387 240 440 V
267 387 350 443 Potio
369 388 405 443 ad
424 388 549 443 dolorem
569 386 706 444 stomachi
724 388 828 458 splenis
846 392 875 444 et
894 391 984 460 epatis

200 458 239 514 VI
266 459 311 513 Ad
329 459 550 514 calefaciendum
573 460 748 514 stomachum
772 461 801 515 et
824 460 860 514 ad
883 461 1030 531 augustius
1053 462 1112 517 eius

187 528 241 584 VH
267 530 313 584 Ad
331 530 545 585 confortandum
564 531 740 586 stomachum

174 600 242 654 VIII
268 601 313 655 Ad
332 601 518 672 digestionem
537 602 676 657 stomachi

199 671 239 725 IX
266 671 312 726 Ad
330 671 473 726 fastidium
491 664 629 727 stomachi
646 675 677 728 et
694 673 731 728 ad
749 673 951 728 carbunculum

39 763 40 768 ¹
127 811 130 817 .
213 743 239 795 X
265 743 362 798 Pulvis
376 743 412 798 ad
430 745 574 798 tonsuram
588 744 727 799 stomachi
741 744 787 799 vel
801 744 838 799 ad
854 745 1041 800 defectionem
1054 744 1112 800 sive

268 814 305 869 ad
322 813 460 869 vomItum

199 884 239 938 XI
266 885 311 939 Ad
330 885 484 955 singultum
503 887 532 939 et
548 886 687 940 vomitum

186 955 239 1009 XII
266 955 311 1009 Ad
329 955 456 1010 ardorem
475 955 613 1011 stomachi
631 959 660 1011 ot
679 957 755 1012 silim

173 1025 240 1080 XIII
268 1026 313 1080 Ad
331 1027 423 1082 cordis
441 1026 568 1082 dolorem

160 1095 241 1151 XHII
267 1097 313 1151 Ad
331 1097 422 1153 cordis
440 1098 554 1167 pulsum
620 1136 622 1140 v

185 1167 239 1222 XV
266 1169 311 1222 Ad
331 1168 557 1237 praecordiorum
576 1168 701 1223 dolorem

171 1239 238 1294 XVI
265 1241 310 1293 Ad
328 1239 447 1309 ligulam
465 1241 495 1295 et
513 1239 650 1294 vomitum

161 1310 241 1364 XVII
268 1310 314 1364 Ad
333 1327 400 1380 epar
625 1313 629 1322 '

147 1381 239 1436 XVIII
265 1381 311 1435 Ad
330 1379 455 1452 splenem

172 1453 238 1506 XIX
265 1453 311 1507 Ad
329 1469 360 1508 os
378 1452 484 1507 ventris
503 1452 698 1523 stringendum

187 1523 239 1578 XX
265 1524 310 1577 Ad
327 1523 432 1578 ventn's
450 1524 576 1578 dolorem
594 1526 624 1579 et
643 1523 700 1578 alin
719 1524 790 1579 sitia

172 1595 238 1650 XXI
265 1595 310 1649 Ad
328 1594 479 1650 lumbricos
498 1596 527 1649 ct
543 1594 634 1649 tineas
653 1595 792 1650 necandus

160 1666 239 1722 XXII
265 1665 309 1720 Ad
328 1666 450 1721 tormina

148 1737 242 1792 XXIII
268 1736 313 1791 Ad
331 1740 458 1792 ventrem
475 1737 689 1806 temperandum

133 1808 241 1863 XXIIII
268 1808 313 1862 Ad
330 1811 488 1862 tenesmum

161 1879 241 1934 XXV
268 1879 314 1932 Ad
332 1879 454 1934 coleram

148 1949 240 2005 XXVI
267 1950 313 2004 Ad
332 1949 450 2005 ccliacos

134 2021 240 2076 XXVII
267 2021 313 2075 Ad
330 2021 436 2075 fluxum
453 2019 560 2074 ventris
579 2018 773 2088 stringendum

120 2091 242 2147 XXVIII
269 2092 314 2146 Ad
332 2091 525 2146 dissentericos

149 2161 241 2218 XXIX
267 2163 313 2217 Ad
331 2161 524 2218 dissenteriam
542 2164 573 2216 et
589 2161 765 2216 lientericam

160 2234 240 2289 XXX
267 2234 312 2288 Ad
330 2233 397 2289 colli
417 2233 543 2288 dolorem

145 2305 239 2360 XXXI
266 2305 311 2359 Ad
328 2302 455 2360 intestini
472 2304 589 2358 vulnera
607 2303 797 2360 condilomate
814 2305 926 2358 naturas
942 2306 971 2359 et
990 2303 1110 2373 ragodas

132 2376 240 2432 XXXII
266 2376 311 2430 Ad
329 2375 463 2431 intestina
479 2375 564 2444 rupta

119 2447 240 2502 XXXIII
266 2447 312 2501 Ad
329 2447 413 2516 yleon

102 2519 238 2573 XXXIIII
265 2518 309 2571 Ad
327 2517 424 2573 lateris
443 2517 569 2572 dolorem
587 2516 617 2570 id
636 2519 679 2571 cst
697 2516 847 2586 plereusim

130 2588 236 2644 XXXV
264 2588 309 2643 Ad
327 2589 468 2644 costarum
485 2587 638 2642 fracturum

120 2659 241 2715 XXXVI
267 2661 313 2713 Ad
331 2659 441 2714 lumbos
458 2658 587 2714 dolentes

107 2731 240 2786 XXXVII
267 2731 312 2786 Ad
330 2747 428 2785 renum
446 2729 571 2784 dolorem

94 2802 240 2856 XXXVIII
266 2802 439 2856 Advenisse
457 2800 582 2855 dolorem

120 2872 242 2928 XXXIX
267 2871 314 2927 Ad
333 2873 472 2928 calculum

189 2944 238 2998 XL
267 2943 312 2998 Ad
329 2943 562 2998 incontinentiam
579 2943 677 2998 urinae

174 3015 238 3069 XLI
265 3015 310 3068 Ad
328 3015 511 3070 verendorum
534 3014 605 3068 vitis
627 3015 651 3068 si
674 3013 832 3068 formicatio
857 3014 895 3068 stt
911 3013 957 3067 vel
978 3027 1110 3067 verrucas

160 3085 239 3140 XLII
265 3085 311 3140 Id
328 3087 414 3140 testes
433 3087 518 3155 atquc
535 3084 654 3140 ramices

147 3157 239 3211 XLIII
265 3157 311 3211 Ad
328 3156 445 3228 inguina

133 3227 239 3282 XLIIII
267 3227 312 3281 Ad
330 3227 520 3298 internigines

162 3297 239 3354 XLV
267 3298 312 3352 Ad
330 3315 426 3368 scyam

147 3369 237 3424 XLVI
266 3369 311 3424 Ad
330 3385 415 3425 coxae
433 3368 559 3423 dolorem

133 3440 238 3496 XLVII
265 3440 311 3494 Ad
328 3439 520 3510 geniculorum
536 3439 663 3494 dolorem

120 3511 238 3567 XLVHI
265 3511 310 3565 Ad
327 3510 462 3566 tibiarum
480 3510 605 3565 dolorem
635 3524 638 3537 ·

147 3582 237 3638 XLIX
266 3583 311 3637 Ad
329 3583 451 3638 talorum
470 3581 595 3636 dolorem
