2610 4040
484 263 702 327 ..39-

82 428 196 506 gummi
231 427 376 504 optimum
411 441 480 486 cum
511 427 579 486 vino
611 426 771 490 resolvitur
801 435 832 486 et
858 432 964 500 24,105.

82 515 180 576 datur.
216 514 242 574 si
261 514 326 574 lieri
344 520 457 594 potest,
480 515 592 592 gummi
612 533 649 575 ex
669 514 831 595 amygdalis
893 517 930 572 to.

82 604 131 664 sit.
177 600 323 662 ruborum
349 603 380 661 in
413 600 522 681 quibus
553 620 636 663 mora
667 611 833 664 nascuntur
858 614 964 677 24,118.

82 689 222 752 oasrbouli
254 691 351 750 teneri
382 689 563 770 tunduntur,
596 709 631 752 ex
664 692 718 752 his
741 709 832 752 sucus

52 780 275 859 ⁵exprimitur,
307 780 360 857 qui
385 781 417 839 in
445 778 506 839 sole
535 778 571 839 ad
604 779 831 841 crassitudinem

81 867 180 928 mellis
203 868 345 928 siccatur:
367 866 416 928 bio
434 866 558 928 haustus
577 870 753 948 sanguinem
769 868 831 929 elii-

82 957 238 1017 cacissime
253 954 371 1016 claudit.
399 956 563 1017 eorundem
576 955 832 1018 nrborumcaules
859 965 964 1030 24‚119.

81 1064 120 1105 ex
134 1046 202 1104 vino
217 1051 336 1104 austero
351 1043 467 1105 decocti
481 1044 613 1106 eduntur
625 1045 715 1124 idque
729 1048 832 1106 vinum

81 1132 197 1194 bibitur
219 1133 250 1192 in
272 1134 402 1212 potione.
439 1150 549 1194 cornus
567 1135 680 1194 cervini
703 1135 778 1194 cinis
800 1135 832 1194 in
859 1142 965 1205 tates.

39 1224 152 1282 ovino
167 1228 268 1283 vetere
281 1227 410 1300 potatur.
447 1220 610 1282 bubulinus
628 1223 832 1300 sanguineum
859 1230 964 1292 talto.

82 1317 169 1372 aceto
202 1308 316 1370 modice
350 1316 487 1389 sumptus
521 1307 664 1390 <iuvat>.
713 1308 833 1370 baedini
859 1318 964 1381 numo.

82 1399 238 1478 sanguinis
251 1399 382 1458 recentis
396 1405 459 1458 tres
473 1397 570 1477 cyatbi
589 1399 736 1477 compari
751 1415 831 1458 men·

82 1504 155 1548 sura
174 1487 250 1547 aceti
270 1486 420 1546 ferventes
432 1488 518 1566 potui
532 1486 648 1547 dantur.
677 1485 833 1566 coagulum
894 1487 932 1542 ib.

82 1576 240 1636 cervinum
268 1593 304 1634 en
327 1583 410 1635 aceto
438 1574 534 1637 datur.
572 1574 729 1655 coagulum
752 1574 832 1654 lepo-
860 1583 966 1646 28‚194.

40 1676 67 1716 1⁵
81 1666 186 1725 riuum
209 1662 314 1724 eodem
336 1663 432 1724 modo.
905 1661 907 1668 “

151 1846 258 1903 XXV.
279 1845 447 1902 vomicae.

152 1963 289 2026 Vomioae
316 1963 491 2044 plerumque
515 1972 677 2046 erumpunt
703 1966 735 2025 in
762 1964 832 2024 late·

82 2055 172 2117 ribus
195 2055 227 2114 in
250 2053 435 2115 membranas
454 2071 652 2134 supervacuas
668 2062 699 2114 et
718 2071 754 2113 ex
771 2051 833 2112 lan·

81 2142 232 2224 guoribus
254 2149 350 2224 natas,
382 2143 506 2203 humore
528 2149 673 2204 concreto
692 2144 833 2220 intusque

82 2249 245 2314 converso,
273 2233 324 2310 qui
346 2230 419 2291 adeo
443 2230 569 2292 fecunde
593 2229 782 2292 subnascitur
801 2237 835 2291 ut

40 2332 68 2372 2⁰
82 2339 147 2382 non
157 2327 218 2381 tam
227 2327 385 2380 excreetur
399 2338 488 2399 qnam
497 2328 657 2382 evomatur.
672 2337 725 2381 eos
734 2321 834 2397 itaque
905 2320 921 2354 *

82 2410 139 2488 qui
168 2423 232 2469 eam
260 2409 409 2469 fortunam
431 2408 605 2490 inciderint,
632 2414 752 2489 oportet
774 2425 833 2467 am-

82 2496 190 2558 bulare
210 2498 321 2557 vectari
339 2498 446 2578 ungui,
468 2497 564 2558 lectus
579 2505 608 2558 et
622 2499 752 2576 requies.
783 2497 834 2574 qui

160 2690 175 2737 1
191 2700 303 2754 gnmme
312 2682 362 2754 nd.
383 2687 387 2753 Ι
408 2700 473 2740 cnm
485 2685 551 2740 rino
564 2686 617 2754 ob:
636 2701 699 2740 oum
713 2680 834 2739 sextario
847 2678 908 2736 vini
921 2679 941 2733 d
955 2677 1015 2745 (om.
1026 2676 1101 2745 ·Pt.).

83 2833 101 2880 ι
121 2762 271 2895 affl?
294 2756 468 2881 belisia
485 2761 540 2896 aa?
558 2754 830 2894 mbffussoiffeaffi
837 2749 1056 2891 ’(Ρᾞιιὲἔὲἷέο
1074 2791 1107 2901 o.

84 2898 89 2969 1
108 2897 191 2952 insat
208 2897 272 2951 adol.
290 2895 336 2952 rb.
400 2902 433 2950 ιι
453 2896 609 2966 sanguinis:
628 2897 664 2964 of.
681 2912 707 2951 o.
726 2895 840 2952 tqoood.
861 2894 906 2949 Pl.
976 2897 1009 2948 13
1028 2892 1102 2946 aceti

82 2966 273 3037 semanticus
291 2966 441 3036 (tementes
455 2970 526 3037 eqeb
543 2969 625 3022 aceto
642 2967 797 3022 tenentia
813 2965 859 3034 (cf.
874 2964 921 3018 Pl.
940 2979 1004 3017 cum
1021 2962 1102 3016 coeto

82 3037 146 3094 scri
169 3037 232 3108 psri
255 3037 340 3093 modo
363 3037 475 3094 ferrens
501 3040 607 3108 potus),
633 3039 669 3105 cf.
690 3038 914 3106 Marc1n120.
987 3038 1022 3087 14
1046 3049 1103 3087 cer-

81 3107 185 3165 virm
202 3108 357 3192 tillim,
372 3124 423 3164 om.
443 3108 489 3164 Pl.
513 3111 519 3178 l
553 3125 577 3164 c.
596 3107 732 3191 daturuex
753 3110 833 3194 aceto
851 3107 879 3162 d.
946 3104 989 3159 tit.
1007 3102 1103 3187 ilomi-

82 3196 137 3307 x
155 3195 186 3305 Ξ
202 3178 275 3318 stigo
282 3176 1103 3333 vfflfflnlrabpostffirroytgmifftgrigffitroffcssrmnys:

81 3323 246 3392 Erumpunt
263 3336 339 3375 emm
357 3320 395 3391 pl.
414 3337 430 3376 e
452 3320 588 3376 luteribus
606 3321 786 3377 membranae
813 3332 1001 3389 supervacuae
1031 3332 1065 3370 ex
1083 3315 1103 3368 l.

82 3395 226 3449 ustae...
264 3397 298 3446 18
311 3391 444 3461 intusque
457 3408 486 3446 r:
503 3390 751 3462 intussimqua-y,
768 3389 912 3448 intnssim
926 3388 953 3443 d.
991 3392 1024 3441 19
1039 3385 1104 3439 snb-

82 3461 212 3520 nudtnr
220 3478 251 3532 με
265 3461 471 3527 subnascuntur
480 3463 511 3531 d,
525 3462 712 3518 innascitur.
749 3467 782 3517 21
794 3461 855 3531 (qui
864 3454 1103 3538 hsncpsssioncm

81 3535 141 3591 ine.
167 3539 202 3604 r).
283 3537 318 3587 22
341 3533 448 3589 vectam
464 3534 517 3603 qb:
544 3532 676 3589 vectitari
698 3535 725 3590 d.
751 3534 755 3602 1
782 3533 870 3603 ungui
887 3547 918 3600 με
945 3543 1014 3597 ungi
1031 3523 1101 3596 db.)

82 3607 178 3664 lectus
197 3603 297 3674 (lectos
314 3606 340 3673 r)
360 3605 390 3659 et
406 3605 515 3673 requies
536 3604 595 3673 (sic)
613 3605 662 3673 nd.
944 3609 954 3624 “
