2620 4040
590 183 860 288 -2104

202 399 291 470 atque
316 407 352 450 ex
375 386 476 450 herbis
499 387 630 450 odoratis
653 377 744 448 aridis
767 405 836 449 cum
859 385 920 448 sale
944 389 1120 466 compositio
1145 389 1221 450 talis

201 485 396 559 praeparatur
414 495 464 538 vas
483 476 559 538 bene
579 477 706 538 solidum
725 494 759 536 ac
778 475 855 537 bene
869 478 1000 554 picatum
1015 494 1108 555 capax
1127 480 1225 539 trium

202 568 249 630 vel
272 574 413 647 quattuor
435 565 618 648 modiorum,
641 572 860 644 sumunturque
885 563 996 625 herbae
1019 565 1119 626 aridae
1144 565 1224 627 bene

204 657 319 718 olentes
342 664 402 718 tam
430 655 467 716 de
490 655 578 715 horto
606 655 695 734 quam
722 653 759 714 de
783 672 868 734 agro,
896 660 1002 732 utputa
1026 661 1150 716 anetum
1174 674 1223 716 co-

202 744 350 807 liandrum
382 742 545 805 seniculum
576 745 675 823 apium
708 745 837 804 satureia
867 741 991 804 sclareia
1022 749 1091 804 ruta
1118 753 1249 806 meuta⁵

202 833 393 914 sisymbrium
415 833 586 912 ligusticum
609 831 742 912 puleium
762 830 927 911 serpullum
948 833 1102 911 origanum
1126 840 1223 894 vetto-

202 925 268 984 nica
296 923 479 1003 argemonia,
501 929 542 982 et
574 939 610 982 ex
637 921 685 982 bis
716 922 748 981 in
770 919 863 980 tundo
891 923 968 982 vasis
997 922 1112 999 primus
1147 921 1223 982 ordo

203 1012 414 1073 consternitur.
452 1018 516 1071 tum
540 1028 576 1071 ex
598 1009 732 1089 piscibus
751 1011 777 1069 si
795 1011 927 1070 minores
950 1008 1061 1070 luerint
1084 1011 1224 1094 integris,

203 1103 228 1162 si
251 1102 379 1161 maiores
397 1103 429 1160 in
450 1099 545 1160 irusta
564 1100 691 1159 concisis
710 1097 785 1159 alter
803 1096 876 1158 ordo
895 1100 1093 1176 componitur.
1130 1118 1224 1180 super

203 1190 283 1250 hunc
302 1191 410 1251 tertius
429 1187 503 1248 ordo
527 1187 595 1248 salis
618 1186 705 1247 birros
728 1187 836 1266 digitos
855 1185 933 1247 altus
957 1186 1093 1247 adicitur.
1131 1196 1260 1268 atquc1⁰

203 1281 235 1338 in
257 1278 338 1339 hunc
361 1275 482 1338 modum
504 1277 551 1337 his
579 1275 677 1338 tribus
700 1274 861 1336 herbarum
885 1284 915 1337 et
938 1277 1066 1356 piscium
1090 1276 1222 1356 salisque

202 1366 358 1428 ordinibus
386 1384 476 1446 supra
500 1363 630 1427 ¹invicem
658 1363 874 1425 alternantibus
901 1383 952 1426 vas
980 1371 1027 1425 est
1058 1383 1156 1444 usque
1186 1367 1222 1426 ad

203 1457 404 1516 summitatem
426 1452 623 1536 implendum,
647 1461 711 1514 tum
734 1454 833 1515 addito
855 1453 997 1532 operculo
1021 1453 1222 1516 claudendum

203 1551 292 1622 atquc
316 1545 356 1605 ita
378 1561 433 1621 per
456 1541 519 1602 dies
541 1549 655 1623 septem
677 1540 894 1603 dimittendum.
933 1540 1042 1622 quibus
1061 1541 1222 1604 transactis

202 1650 258 1713 pcr
281 1633 440 1692 continuos
462 1631 565 1710 viginti
588 1629 652 1692 dios
675 1631 797 1692 cottidie
821 1623 937 1692 bis'vel
960 1639 1006 1693 ter
1028 1631 1096 1710 palo
1119 1631 1259 1711 ligneo1⁵

203 1724 234 1783 in
258 1721 379 1782 modum
401 1721 477 1782 remi
500 1719 626 1781 formato
647 1721 822 1800 compositio
844 1721 900 1780 ista
918 1737 1014 1799 usque
1034 1718 1070 1780 ad
1094 1720 1222 1782 luudum

204 1817 249 1871 est
273 1808 491 1870 commovenda.
522 1808 637 1890 quibus
657 1809 782 1889 expletis
805 1809 904 1888 liquor
927 1811 978 1888 qui
1001 1809 1038 1869 de
1061 1807 1116 1870 bac
1141 1827 1220 1871 com-

203 1901 351 1978 positione
375 1898 498 1960 deduxit
526 1897 674 1978 colligitur
703 1905 791 1977 atque
815 1899 846 1958 in
873 1896 954 1959 hunc
978 1896 1100 1959 modum
1123 1916 1161 1959 ex
1185 1918 1221 1959 eo

203 1986 353 2066 liquamen
380 1987 427 2048 vel
454 2005 636 2067 oenogarum
664 1987 829 2049 conficitur.
876 1991 1036 2048 sumuntur
1063 1985 1154 2050 buius
1187 1986 1220 2047 li-

204 2079 307 2156 quoris
327 2078 444 2137 sestarii
467 2075 526 2136 duo
546 2083 662 2137 etcum
682 2075 803 2137 dimidio
822 2074 893 2137 boni
911 2077 972 2136 vini
991 2079 1116 2136 sestario
1141 2096 1220 2139 com·
1234 2090 1258 2129 20

204 2167 386 2248 miscenturp
406 2173 469 2225 tum
489 2169 629 2245 quattuor
648 2163 808 2227 herbarum
830 2162 981 2226 aridarum
1000 2165 1109 2244 singuli
1128 2169 1220 2226 mani-

205 2253 267 2333 puli
295 2255 326 2314 in
354 2251 430 2314 hanc
455 2256 613 2315 mixturam
641 2256 823 2335 coiciuntur,
851 2255 931 2314 aneti
953 2249 1091 2315 videlicet
1118 2263 1150 2316 et
1172 2273 1219 2316 co-

205 2341 311 2402 liandri
339 2348 369 2402 et
397 2345 542 2403 satureiae
572 2351 661 2422 alque
690 2341 838 2404 sclareiae.
885 2341 946 2403 leni
973 2345 1073 2422 graeci
1101 2362 1219 2424 quoque

205 2431 327 2491 seminis
353 2429 483 2512 pugillus
507 2449 585 2492 unus
609 2431 749 2513 adicitur,
776 2438 807 2491 et
834 2430 870 2491 de
895 2431 1078 2510 aromatibus
1105 2435 1219 2513 piperis

204 2537 295 2599 grana
324 2521 446 2600 triginta
468 2520 515 2581 vel
543 2519 748 2602 quadraginta,
777 2522 852 2581 costi
878 2519 978 2601 pondo
1007 2517 1121 2583 denarii
1149 2529 1219 2603 tres,
1232 2534 1257 2574 ²⁵

205 2609 333 2670 cinnami
357 2609 505 2689 similiter,
529 2607 709 2690 carpophylli
732 2609 877 2670 similiter.
915 2609 988 2672 hacc
1011 2611 1125 2671 minute
1149 2629 1216 2670 con·

206 2700 275 2759 trita
303 2697 399 2758 eidem
427 2696 537 2776 liquori
559 2700 787 2778 permiscentur.
825 2706 888 2758 tum
917 2697 964 2758 vel
993 2699 1024 2759 in
1052 2698 1151 2759 lcrreo
1174 2699 1217 2759 vel
1292 2761 1293 2770 ¹

206 2789 236 2847 in
260 2805 348 2847 aereo
366 2804 434 2847 vase
454 2788 629 2866 compositio
654 2787 726 2847 haec
750 2794 811 2848 tam
829 2786 881 2847 diu
900 2786 1056 2866 coquenda
1078 2794 1124 2848 est
1147 2806 1216 2867 quo·
1292 2773 1293 2795 ¹

205 2892 301 2955 usque
324 2874 360 2936 ed
378 2876 469 2938 uuirrs
487 2877 605 2936 sestarii
628 2893 799 2938 mensuram
816 2877 978 2955 perveniat.
1013 2878 1097 2954 prius
1121 2884 1217 2938 umen

206 2982 294 3044 quam
316 2971 518 3044 percoquatur
536 2963 631 3025 mellis
652 2964 820 3045 despumati
843 2963 981 3025 selibram
1005 2966 1120 3025 ineam
1145 2965 1217 3026 adici
1230 2979 1255 3018 ³⁰
1291 2999 1292 3002 =

205 3058 331 3133 oportet.
376 3069 451 3132 quae
480 3071 549 3115 cum
576 3061 717 3133 percocta
744 3053 835 3114 luerit
868 3070 951 3114 more
982 3055 1138 3132 potionum
1165 3072 1216 3134 per
1291 3023 1292 3067 ¹

278 3293 392 3349 lhebis
412 3298 471 3366 (sic)
490 3314 514 3351 o.
583 3294 748 3351 tuetonica
766 3294 923 3366 argimonia
939 3313 987 3366 go.
1043 3295 1162 3352 trusisr
1179 3299 1216 3352 ss'c
1290 3287 1291 3339 l

204 3383 251 3434 po.
307 3371 338 3419 11
359 3365 482 3434 piscibus
499 3383 530 3436 9,
548 3365 669 3438 piscium
687 3385 711 3424 o.
774 3373 809 3422 14
826 3387 875 3424 vn.
894 3383 919 3422 o.
980 3372 1014 3422 15
1032 3385 1077 3422 xx.
1095 3384 1120 3424 o.
1145 3369 1151 3437 Ι
1174 3385 1215 3424 oo-

205 3434 276 3490 tidie
293 3453 318 3490 o.
340 3438 344 3503 Ι
364 3437 432 3504 pale
449 3437 545 3506 lignee
563 3480 569 3491 .
585 3479 613 3492 ..
633 3438 756 3493 formata
772 3456 818 3509 po.
888 3444 922 3492 19
941 3453 1106 3510 omogsrnrn
1123 3455 1169 3510 go.
1289 3445 1290 3448 ’

206 3505 321 3559 turino
334 3522 359 3575 9.
406 3511 440 3560 25
454 3525 516 3560 xxx.
531 3509 544 3557 i
559 3527 608 3561 ιι.
627 3523 652 3562 o.
669 3511 673 3575 Ι
689 3529 730 3562 111.
745 3525 770 3562 o.
816 3515 851 3564 26
870 3510 986 3565 cariofili
1004 3527 1034 3580 9,
1053 3510 1213 3568 cudololiv.

209 3573 213 3644 l
230 3574 348 3646 contrite
366 3575 412 3630 ide
431 3593 455 3630 o.
511 3581 545 3630 28
564 3593 629 3650 vesp
647 3594 672 3631 o.
709 3585 742 3633 29
758 3581 858 3634 secturi
874 3597 898 3635 o.
