2610 4040
494 238 713 304 ..37„.

94 393 195 458 melle
210 399 241 458 in
269 395 337 458 cibo
365 406 490 479 sumpta.
533 408 563 462 et
590 404 667 462 tussi
694 409 724 462 et
752 421 842 482 puru-

92 485 185 546 lentis
217 485 455 548 excreationibus
492 488 636 550 medetur.
686 489 843 552 adversum
870 504 957 568 2235.

92 573 268 636 diuturnam
295 576 401 635 tussim
428 575 575 638 falernum
597 579 700 640 viuum
729 577 842 641 utiliter

92 661 236 724 sorbetur
267 681 383 726 merum
410 663 447 724 ab
478 667 595 728 ieiunis.
635 667 711 729 licus
743 668 841 730 aridae
869 680 973 744 aaran

61 765 75 805 ⁵
91 759 267 832 coquuntur
285 769 354 814 oum
371 751 484 834 hysopo
503 772 540 816 ex
559 773 635 833 aqua
658 773 751 836 eaque
765 775 842 838 aqua

91 840 291 902 tussientibus
322 843 506 921 propinatur.
552 851 622 905 sunt
654 844 841 906 membranae
869 857 958 921 eone.

90 932 126 990 in
140 927 294 992 ventribus
308 929 537 1009 gallinaceorum
551 949 626 1012 quae
640 934 841 1012 proiciuntur:

42 1018 45 1024 '
91 1018 201 1078 harum
228 1020 303 1078 cinis
329 1017 501 1099 potionibus
530 1021 685 1100 inspersus
713 1021 840 1084 destilla-

91 1108 191 1167 tiones
198 1109 329 1186 pectoris
339 1116 370 1170 et
379 1108 515 1171 humidas
523 1117 622 1172 tusses
631 1113 732 1174 siccat.
746 1121 840 1174 testae
903 1116 940 1172 ab.

48 1209 76 1248 10
93 1194 213 1256 cocleae
228 1195 338 1276 crudae
352 1199 438 1259 tritae
454 1217 522 1260 oum
537 1218 629 1279 aquae
644 1199 761 1280 tepidae
776 1219 840 1280 cya-

92 1282 154 1345 tbis
172 1281 269 1346 tribus
288 1284 455 1348 sorbentur.
493 1286 529 1349 ad
552 1290 659 1351 tussim
681 1289 841 1351 sedandam
867 1301 955 1365 cont.

93 1373 211 1438 cocleae
230 1396 299 1441 cum
318 1379 403 1440 testis
422 1380 484 1441 suis
507 1381 595 1441 tritae
614 1380 728 1440 adiecto
752 1397 840 1440 croco

93 1465 233 1528 eduntur.
270 1485 374 1528 sevum
391 1469 491 1531 ovium
509 1469 666 1530 decoctum
685 1486 754 1529 oum
772 1470 841 1528 vino
868 1477 955 1541 copo

91 1562 214 1616 austero
232 1558 308 1617 tussi
325 1556 469 1619 medetur.
497 1575 551 1617 ova
569 1566 654 1619 cocta
672 1574 741 1618 oum
754 1555 840 1618 melle
868 1566 955 1628 2242.

50 1659 76 1699 1⁵
92 1646 165 1704 trita
191 1645 222 1705 in
250 1643 316 1718 cibo
340 1645 456 1707 dantur.
494 1664 561 1706 ova.
577 1646 669 1707 cruda
695 1647 841 1725 permixta
903 1645 940 1700 ab.

92 1749 164 1793 oum
185 1735 250 1813 pari
273 1733 359 1794 morlo
387 1735 471 1813 passi
494 1732 646 1796 bibuntur.
683 1733 842 1795 sandaraca
868 1741 973 1806 attur.

92 1839 164 1881 cum
186 1823 286 1882 resina
312 1820 512 1883 terebinthina
535 1841 590 1882 ovo
617 1820 721 1884 sorbili
748 1823 841 1883 indita

92 1909 201 1970 editur.
233 1911 370 1971 ursinum
393 1910 432 1970 lel
454 1913 635 1990 permixtum
654 1928 722 1972 cum
745 1907 840 1971 melle.
869 1918 973 1983 28,193.

92 1997 201 2058 salivae
216 2001 285 2077 equi
303 1997 403 2061 triduo
420 2005 538 2078 potatae
557 2000 651 2061 ternis
670 1997 841 2078 potionibus
903 1998 939 2053 io.

49 2100 77 2140 ro
92 2104 130 2146 ex
145 2103 221 2164 aqna
234 2084 328 2148 calida
346 2095 463 2150 sanant:
482 2106 594 2166 equum
606 2089 697 2148 morti
710 2087 841 2170 tradunt,

92 2174 244 2235 bominem
263 2184 375 2237 sanant.
411 2174 513 2256 pulmo
534 2170 672 2238 cervinus
687 2193 755 2237 cum
774 2175 841 2256 gula
903 2176 940 2233 tu.

92 2263 241 2324 arefactus
262 2265 295 2324 in
317 2264 412 2346 lumo,
440 2263 546 2326 deinde
575 2270 661 2327 tusus
690 2282 726 2324 ex
754 2263 842 2324 melle

91 2351 215 2412 cottidie
234 2352 405 2414 sumendus.
443 2351 690 2415 sorbitiunculam
708 2371 745 2414 ex
768 2352 841 2414 alica
868 2361 973 2427 28231.

91 2435 163 2499 se'vo
181 2442 303 2520 caprino
322 2449 497 2520 perunctam
515 2439 612 2523 dabis,
634 2444 733 2521 picem
755 2440 840 2521 liqui·
868 2451 956 2514 24‚40.

49 2542 77 2581 25
91 2527 159 2587 dam
182 2529 214 2588 in
237 2547 299 2590 ovo.
335 2531 420 2590 iecur
438 2529 501 2610 lupi
520 2538 639 2591 coctum
657 2531 723 2592 esni
746 2529 840 2590 datur.
868 2538 976 2602 tutta.

164 2810 178 2857 1
198 2805 311 2875 sumpta
334 2805 406 2875 (M):
435 2807 547 2876 sumpto
569 2822 601 2876 p,
625 2807 820 2876 sumptorum
843 2805 948 2861 sabao
974 2804 1049 2873 (boec
1066 2805 1111 2861 aab

90 2873 229 2930 eorotroba't
246 2891 274 2929 r:
298 2891 387 2946 eaque
406 2876 473 2936 faba
489 2876 520 2932 in
538 2875 602 2942 cibo
618 2876 717 2932 velex
736 2875 819 2932 melle
836 2879 957 2945 sumpta.
979 2876 1054 2930 tende
1071 2877 1107 2946 b).

135 2951 152 3000 6
179 2945 366 3014 propinantur
390 2947 441 3016 poi.
513 2947 748 3002 8distillationea
770 2949 820 3017 pri.
893 2945 1049 3016 opacioris
1075 2962 1108 3016 9³

90 3015 211 3084 pectinis
228 3017 256 3071 ct
281 3019 286 3084 Ι
311 3018 341 3072 ot
357 3015 487 3073 humidas
504 3019 595 3072 tusses
613 3017 708 3073 uocat
726 3019 828 3074 motae:
848 3018 882 3086 ef.
899 3018 945 3073 Pi.
963 3019 994 3073 et
1010 3015 1107 3073 umida

90 3085 258 3156 (domuisti)
267 3087 369 3142 tmoim
377 3088 424 3143 vel
432 3103 528 3143 recens
537 3089 630 3144 toste
638 3089 717 3146 lenit
736 3087 854 3144 Cocleae
864 3088 966 3144 crudae
978 3087 1077 3143 tritae.

89 3158 183 3226 moue
200 3157 292 3214 leem
310 3159 355 3213 bio
372 3163 470 3214 natum
486 3159 595 3215 udam
612 3175 647 3214 er
666 3159 744 3214 sta.
762 3162 846 3215 tosto
898 3164 931 3213 12
945 3157 1065 3214 motibus
1078 3159 1109 3216 d.

91 3226 225 3298 lodieoto
248 3243 329 3284 croco
350 3230 446 3300 9d(r)=
473 3245 537 3285 cum
555 3231 688 3300 protropo
709 3231 785 3287 Plio.
860 3236 894 3284 14
915 3229 1022 3286 ausuri
1038 3230 1105 3301 yet!

88 3296 191 3355 mosim
207 3314 233 3369 9.
299 3305 333 3355 to
351 3317 415 3356 cum
433 3316 516 3370 passo
534 3301 645 3371 oleique
662 3300 727 3372 pari
743 3301 828 3357 modo
848 3301 893 3355 Pl.
960 3305 992 3355 tr
1011 3316 1065 3356 ovo
1084 3317 1107 3354 a.

88 3368 181 3424 indita
208 3385 258 3427 om.
284 3370 331 3426 Pi.
405 3377 438 3425 19
465 3371 553 3428 ternis
579 3371 741 3442 potionibus
763 3389 798 3428 ex
825 3389 851 3428 a.
870 3387 894 3426 c.
917 3387 967 3426 oro.
988 3372 1033 3425 Pl.

89 3445 125 3494 20
144 3455 291 3510 equnm-
302 3443 404 3497 auant
420 3443 473 3513 ybs
491 3458 542 3500 orn.
561 3442 588 3498 ol.
610 3445 615 3513 l
640 3442 737 3498 morti:
755 3443 828 3498 mori
847 3443 892 3498 Pi.
965 3448 999 3496 28
1018 3439 1108 3495 sorbi-

87 3509 246 3567 tiunculam
262 3528 313 3581 pr:
342 3511 448 3569 sortiti
465 3513 573 3583 ungula
594 3514 653 3583 (sic)
672 3515 692 3568 d
718 3515 808 3585 (pulte
831 3512 949 3568 alicacia
967 3512 1037 3580 Pa).

89 3587 125 3636 24
144 3597 225 3638 aeuo:
244 3583 305 3654 seul
325 3600 350 3654 p.
423 3589 457 3638 25
477 3584 536 3639 esui
553 3601 604 3652 prr
623 3584 687 3640 usui
705 3585 741 3640 ds
