2620 4040
467 210 710 273 -177-

152 369 200 421 De
221 367 404 431 sisymbrio.

148 468 325 544 sisymbrium
347 470 476 525 virtutem
499 467 579 526 lrabct
600 468 722 526 calidam.
760 487 853 528 semen
875 472 934 528 eius
956 487 988 528 ax
1033 525 1053 565 ε

84 553 148 610 vino
170 562 266 628 potum
288 551 461 611 difficultates
484 555 577 610 urinae
601 553 720 611 calculos
743 554 860 630 frangit,
883 556 988 630 singul·
1000 552 1097 650 ΑΜ)

82 648 143 696 tum
165 646 193 694 et
213 640 350 695 tortiones
371 638 563 720 intestinorum
584 637 669 695 sedat.
710 638 776 695 lolia
797 642 855 695 cius
879 641 941 696 trita
963 648 991 696 et
1022 669 1053 722 D

83 722 169 780 tronti
185 721 226 779 vel
248 721 416 797 temporibus
430 723 547 796 inposita
568 720 691 780 dolorem
707 725 802 798 capitis
818 725 990 798 extinguunt,
1000 714 1090 809 ulit.-

53 814 182 864 scontra
208 808 278 864 ictus
301 823 443 881 vesparum
469 806 512 863 vel
539 807 628 880 apium
656 815 783 882 prosunt.
819 825 902 866 sucus
929 810 989 866 eius

83 899 168 966 potus
189 893 320 949 vomitum
343 893 493 966 restringit.

457 1009 617 1018 ———-·--

151 1078 199 1130 De
216 1078 392 1140 portumoc
409 1075 580 1145 (porcellucs
600 1077 664 1146 Pl).
905 1129 906 1134 ,
1008 1079 1066 1147 (la)

148 1178 291 1237 Portulaca
319 1195 415 1237 recens
438 1177 584 1255 refrigerat
612 1174 753 1256 [calefacta
775 1197 839 1238 vero
868 1181 990 1238 calefacit
1022 1184 1060 1238 D.

84 1273 113 1320 ct
128 1258 301 1340 refrigerat}
330 1263 363 1320 acl
379 1264 520 1321 oculorum
544 1271 666 1321 tumores
689 1266 752 1320 trita
774 1282 835 1322 cum
858 1282 928 1340 panc
949 1267 990 1322 lu·
1000 1259 1088 1322 22150·

83 1350 197 1423 ponitur
216 1356 244 1404 et
265 1348 421 1423 podagricis
443 1348 523 1405 simili
547 1348 629 1405 modo
651 1349 787 1407 medetur.

457 1483 616 1492 ...—

150 1537 199 1589 De
216 1535 351 1587 escaria.
1010 1540 1066 1608 (44)

43 1653 70 1694 ro
147 1635 253 1694 Escaria
281 1638 409 1693 virtutem
436 1636 517 1694 hahet
544 1637 668 1694 moriendi
695 1637 820 1695 omnihus
847 1637 1089 1702 doloribusundei

83 1723 198 1778 internis
225 1721 331 1796 hepatis
358 1728 385 1777 et
412 1721 555 1781 stomachi.
593 1738 676 1779 sucus
704 1723 762 1778 elus
790 1739 851 1781 cum
878 1723 990 1798 pulvcrc

83 1807 186 1882 piperis
207 1807 265 1862 triti
285 1807 363 1880 potui
385 1804 472 1866 datur,
508 1805 633 1862 similiter
655 1815 683 1863 et
704 1807 761 1864 ictu
783 1807 873 1874 laesis.

151 1993 199 2044 De
219 1991 391 2044 sbrotsno.
1009 1992 1065 2060 (45)

147 2085 315 2150 Abrotauuiu
337 2095 465 2150 virtutem
491 2093 571 2150 habet
598 2093 721 2151 calidam.
757 2093 822 2152 iolla
845 2094 904 2151 eius
926 2095 990 2151 trita
1022 2097 1059 2152 D.

84 2195 145 2236 cum
169 2178 244 2235 malis
266 2177 395 2252 cydoncis
417 2186 492 2235 cocta
510 2178 651 2236 oculorum
668 2187 789 2234 tumores
805 2187 908 2236 curant.
943 2180 991 2235 tri·
1009 2173 1082 2236 3,26.

45 2273 70 2313 1⁵
85 2273 142 2321 tum
158 2270 186 2320 et
201 2271 310 2320 coctum
324 2279 384 2319 cum
405 2262 508 2336 polline
527 2261 679 2320 hordeaceo
701 2261 861 2320 furunculos
876 2265 990 2338 spargit.

84 2364 177 2405 semen
200 2349 258 2405 aius
281 2347 438 2422 suspiriosis
460 2341 633 2422 (prodest),
655 2348 795 2404 urinarum
817 2346 991 2405 difficultates

84 2430 176 2493 solvit.
212 2437 306 2489 contra
329 2431 502 2505 scorpionum
531 2432 610 2489 ictus·
624 2448 685 2488 cunr
709 2432 770 2490 uiuo
800 2440 920 2507 potatur.
958 2449 990 2488 cx

83 2519 146 2574 vino
169 2524 264 2592 potum
287 2523 424 2572 menstrua
447 2524 586 2590 prouocat.

459 2651 619 2662 --——--.

151 2714 200 2765 De
217 2725 434 2776 panagorsce.
701 2723 704 2730 ·
1010 2707 1067 2777 (48)

149 2813 321 2890 Panagoracc
343 2814 486 2872 causticam
509 2816 636 2872 virtutem
658 2813 740 2870 habet
761 2811 848 2870 idest
868 2809 1098 2872 calidamoade?

47 2905 72 2946 ²⁰
85 2898 149 2957 lolia
172 2900 231 2955 eius
254 2899 282 2956 in
304 2898 389 2956 mulsa
412 2906 489 2956 cocta
504 2909 567 2973 pota
591 2896 769 2954 tussientibus
790 2902 916 2971 prosunt.
949 2911 992 2951 se·

85 2999 147 3040 mon
175 2985 233 3040 eius
260 2984 355 3040 tritum
380 2997 453 3039 cum*
468 2985 563 3058 pipere
585 2999 618 3039 cx
639 2982 725 3039 mulsa
753 2992 849 3057 potum
870 2985 992 3037 ventrem

85 3076 113 3124 ct
135 3070 239 3126 urinam
263 3077 354 3125 movet
376 3077 403 3125 ct
425 3067 543 3126 calculos
565 3069 593 3124 in
615 3069 702 3124 vesica
725 3065 839 3142 frangit.

459 3203 619 3214 .——-

152 3238 201 3289 De
218 3237 340 3300 ulpioo.
1013 3234 1070 3302 (58)

149 3339 273 3415 Uipionm
300 3338 485 3414 indigestibile
513 3345 563 3396 est.
611 3354 672 3395 cum
700 3337 763 3394 vino
793 3339 885 3395 tritum
914 3335 1095 3411 poluirmdc?

85 3423 178 3482 datum
200 3423 344 3482 calculosis
364 3423 487 3498 prodest.

139 3658 207 3698 Plinii
221 3657 316 3700 iunioris
329 3657 445 3700 medicine
549 3685 560 3706 .
