2620 4030
481 280 700 346 ..85-

85 441 158 502 fieus
186 443 264 510 trita,
283 460 320 502 ex
347 450 431 504 aceto
458 444 625 506 medentur.
668 461 754 505 rosae
782 445 830 506 sil·
859 457 946 521 tout.

83 532 190 591 vestris
213 529 296 592 radin
313 538 383 611 pota
401 531 605 594 efficacissime
624 533 717 614 abigit
738 551 830 612 aquae

82 636 230 699 pavorem.
271 619 409 700 plantago
440 628 511 701 pota
539 630 570 683 et
596 623 734 702 imposita
762 623 831 684 lacit
858 635 963 698 rodet.

83 715 114 770 et
141 707 282 770 adversus
312 711 394 770 canis
420 709 531 772 rabiosi
560 728 694 773 morsum
721 718 752 772 et
781 710 829 770 ad·

52 812 188 858 oremus
211 799 344 860 omnium
366 797 539 861 bestiarum.
575 798 641 862 lana
662 799 765 861 sucida
786 802 829 860 in·
858 812 945 875 aaut.

82 885 144 948 dita
176 904 309 948 morsum
340 896 425 950 sanat
459 895 528 968 post
561 888 639 950 diem
672 891 831 969 septimum

83 974 187 1037 soluta.
230 977 306 1036 cinis
338 979 443 1056 capitis
475 977 575 1038 canini
605 977 709 1041 inlitus
741 977 832 1058 abigit
859 990 946 1054 tuat.

83 1083 176 1145 aquae
193 1083 348 1147 pavorem,
371 1074 423 1128 aut
440 1074 529 1146 eaput
547 1069 630 1129 oanis
649 1067 830 1128 devoratum.

83 1155 193 1215 vermis
226 1153 263 1215 de
296 1153 437 1216 cadavere
465 1157 548 1216 canis
579 1155 751 1236 adalligatus
781 1174 830 1235 pa·
894 1159 931 1212 ot.

41 1255 67 1295 ιο
82 1259 185 1304 rorem
211 1242 296 1304 tollit.
340 1253 386 1306 est
412 1244 502 1306 limus
534 1243 590 1306 sub
621 1244 721 1325 lingua
750 1246 832 1306 canis
860 1255 971 1318 noua„

82 1330 195 1392 rabiosi
217 1335 268 1412 qni
291 1332 377 1394 datus
392 1335 432 1394 in
454 1335 575 1414 potione
597 1333 832 1414 hydrophobiam

83 1419 229 1501 probibet.
258 1424 356 1482 omnia
373 1422 526 1502 praecedit
544 1423 679 1484 ut-iecur
698 1422 832 1484 eiusdem
894 1423 930 1478 ib.

84 1511 165 1570 oanis
188 1510 361 1595 devoretur,
385 1514 411 1572 si
433 1511 498 1572 deri
520 1519 620 1591 potest
643 1511 783 1594 crudum,
806 1512 832 1571 si

83 1600 182 1660 minus
210 1617 330 1679 quoquo
357 1601 445 1660 modo
469 1609 595 1663 coctum.
633 1603 723 1663 orista
750 1598 830 1680 galli·
859 1610 965 1673 tuido.

44 1700 69 1739 1⁵
84 1689 167 1749 naeei
203 1689 331 1749 contrita
366 1691 530 1770 imponitur
562 1689 672 1770 plagae.
718 1689 831 1750 anseris
894 1689 933 1746 ab.

83 1776 174 1856 adeps
202 1794 271 1838 eum
298 1776 393 1840 melle.
435 1778 581 1839 salirrntur
611 1798 627 1839 a
655 1776 832 1858 quibusdam
894 1779 931 1836 io.

83 1883 173 1926 canes
201 1867 252 1945 qui
279 1864 390 1927 rabiosi
417 1865 530 1927 inerint
551 1875 585 1928 ut
612 1869 643 1927 in
666 1866 832 1927 remedium

83 1972 189 2015 carnes
207 1972 312 2034 eorum
330 1954 465 2017 edantur.
493 1955 605 2017 laetans
619 1953 735 2016 catulus
754 1956 831 2015 eius·
860 1965 965 2029 tutor.

83 2043 150 2104 dem
175 2061 264 2104 sexus
293 2046 344 2124 qni
371 2044 565 2105 momorderit
592 2046 623 2105 in
646 2061 722 2123 aqua
745 2060 831 2103 neca-

44 2143 69 2181 t0
83 2141 133 2193 tur
165 2131 358 2212 eiusdeer
391 2135 475 2194 iecur
507 2133 635 2194 crudum
664 2133 831 2194 devoratur.

82 2221 170 2282 timus
194 2219 347 2300 gallinacei
370 2221 457 2282 rusus
479 2239 516 2282 ex
535 2230 618 2283 aceto
641 2223 756 2283 morsui
777 2224 831 2281 im-
894 2224 932 2279 it.

81 2310 213 2388 ponitur.
251 2308 385 2390 glebulae
413 2329 449 2371 er
476 2309 668 2372 hirundinino
692 2310 762 2372 nido
785 2328 832 2370 so·
894 2310 932 2365 ab.

81 2397 161 2459 lutae
190 2416 227 2459 en
254 2406 338 2459 aceto
365 2398 540 2462 inlinuntur.
577 2399 693 2460 catulus
720 2398 832 2459 laetans
904 2401 920 2434 *

81 2487 258 2566 priusquam
279 2487 384 2549 videat*
399 2489 533 2567 aperitur
551 2487 744 2567 eiusdemque
768 2503 833 2547 coa-

46 2587 69 2626 ²⁵
83 2574 188 2654 gelum
214 2574 341 2657 bibitur,
368 2579 408 2637 ita
435 2584 470 2638 ut
496 2579 522 2637 is
552 2579 604 2656 qni
630 2577 707 2638 bibit
728 2578 760 2635 in
782 2573 832 2635 de-

82 2663 190 2726 llnenti
211 2681 287 2744 aqna
310 2673 370 2726 stet
391 2665 542 2744 usquead
565 2665 746 2728 umbilicum.
783 2681 833 2742 pa·
860 2671 948 2736 aaut.

72 2751 274 2841 [vescentibus
293 2771 399 2832 aquam
417 2760 510 2815 totam
533 2756 638 2815 faciem
661 2757 833 2834 perungunt

155 2992 286 3066 babigit
303 2997 382 3052 albu:
401 2995 550 3054 abiioitrb
583 2994 734 3065 ambigitu
752 2993 812 3063 (udi
825 2995 919 3063 aqua).
974 2991 1101 3064 4(inoit)

81 3069 110 3120 a
125 3065 201 3135 aro:
220 3080 272 3122 ool
285 3067 312 3124 a.
328 3067 333 3138 ι
352 3066 487 3124 rabidioai
504 3038 598 3137 (acia
616 3065 733 3135 (raone
749 3065 827 3135 pro).
882 3069 898 3120 e
917 3062 1009 3120 inuita
1026 3064 1100 3138 prm

81 3137 629 3222 om.ddoeptimnmyrb:v11.d.
684 3134 1099 3218 9Vermee9.lde:ePl.l

81 3206 255 3289 adalligatur
268 3224 298 3278 pt
312 3209 504 3280 albgatmdd.
542 3214 574 3262 11
589 3207 856 3291 hydropbonmmd,
870 3206 1098 3277 hydrol(ub>nm

81 3288 257 3360 auream.
313 3277 1063 3352 ttaipotaetfiericl.lemm1nmd(ooopb).

82 3355 115 3430 lo
137 3347 279 3432 abutatur
298 3353 362 3421 pato
386 3353 430 3422 (cf.
446 3352 511 3422 b·):
534 3350 681 3406 salvuntur
692 3367 716 3406 r.
762 3355 796 3404 tt
811 3365 909 3406 carnee
922 3353 987 3404 orote
999 3362 1055 3403 rar.
1069 3347 1097 3402 d.

79 3419 237 3562 nura
253 3423 487 3551 aare
502 3420 917 3563 apallaream
930 3415 1099 3555 unu

81 3559 149 3702 gi).
224 3568 258 3620 28
280 3564 441 3620 illiniuntur
463 3565 541 3633 dial
571 3563 679 3620 laetans
701 3581 731 3633 p:
756 3565 829 3619 -lene
852 3561 930 3618 db-
972 3564 1008 3614 24
1030 3573 1099 3628 quo·

131 3651 181 3689 um
203 3649 230 3705 9.
