2620 4040
573 231 815 295 ..202-

292 400 350 454 tur.
386 395 475 456 tritae
499 413 536 454 ex
559 411 635 472 aqua
658 392 753 454 mulsa
775 399 922 472 potaeque
949 395 1038 454 etiam
1062 395 1207 459 vetustis-

292 483 383 546 simae
412 484 503 546 tussis
530 481 696 544 molestiam
725 481 839 543 sedant.
885 481 935 542 alii
961 483 1048 544 tritas
1074 490 1107 542 et
1135 499 1208 543 cum

291 589 379 650 passo
398 571 540 634 bibendas
559 571 706 633 dederunt
728 570 764 632 ad
786 571 934 650 pulmonis
953 579 984 632 et
1006 573 1116 632 iecoris
1134 573 1206 631 vitia

198 652 235 721 (et
247 650 286 708 D·
296 661 433 722 sananda.
462 659 547 722 multi
566 663 651 722 tritas
670 677 737 721 cum
757 663 859 739 pipere
880 662 1065 721 miscuerunt
1084 667 1115 720 et
1134 677 1207 721 cum
1297 709 1298 726 ,

187 726 360 822 1’¹⁷⁹¹[vino
382 753 553 830 propinatas
575 760 678 810 contra
702 758 852 810 catarrum
870 755 901 809 et
923 755 1070 809 tormenta
1089 751 1233 810 ventris5
1297 751 1298 830 i

220 829 259 884 D·
296 846 326 900 et
339 841 443 900 urinae
463 838 640 901 destillantis
660 840 815 918 angustias
824 837 922 898 valere
937 844 1105 898 senserunt.
1135 856 1207 898 oum
1297 831 1298 916 ¹

196 906 283 970 1¹¹79'
294 929 418 1007 axungia
436 927 483 988 vel
502 928 587 1007 adipe
607 929 709 989 ursina
728 928 874 988 contritae
894 934 925 986 et
943 925 1082 1006 alopeciis
1100 925 1206 988 inlitae
1297 919 1298 958 ¹

293 1015 467 1097 capillorum
486 1017 591 1078 damna
614 1018 786 1077 restituunt.
814 1017 897 1077 aiunt
919 1013 1021 1076 oculos
1043 1015 1207 1077 infantium
1297 1037 1298 1116 p

292 1107 458 1168 caesiorum
491 1106 527 1166 ad
560 1105 691 1166 colorem
722 1105 841 1184 nigrum
871 1121 960 1183 posse
990 1105 1140 1184 revocari,
1178 1106 1207 1164 si
1297 1119 1298 1180 3

293 1193 414 1255 adustae
442 1213 511 1256 cum
540 1194 605 1255 oleo
636 1201 830 1254 conterantur
857 1203 887 1253 et
914 1211 951 1252 ex
979 1210 1015 1252 eo
1043 1191 1206 1254 cerebrum
1220 1204 1245 1244 1⁰
1297 1193 1298 1276 l

293 1281 414 1344 adsidue
437 1291 652 1363 perunguatur.

1297 1427 1298 1472 l

360 1517 428 1574 LV.
460 1519 510 1574 Do
533 1519 686 1590 plateoio.

209 1679 272 1735 Gap
362 1651 561 1715 Pistaciorum
583 1657 678 1716 virtus
706 1663 825 1717 austera
848 1663 878 1714 et
908 1657 1034 1734 styptica
1056 1662 1086 1715 et
1108 1671 1205 1734 prope
1297 1639 1298 1676 ¹

186 1757 293 1810 xrmot
305 1743 444 1804 aromatis
463 1745 556 1822 gratia
574 1746 674 1805 iuncta
694 1744 856 1824 colligitur,
879 1742 1006 1822 ideoque
1030 1745 1120 1804 etiam
1144 1750 1205 1804 sto·
1297 1815 1298 1822 ἵ

186 1823 422 1893 (melitonem
441 1831 662 1894 adcommodata
676 1833 849 1894 creduntur.
873 1834 997 1892 maxime
1016 1839 1115 1892 tamen
1135 1850 1205 1892 oon·

219 2151 276 2222 (83)
360 2152 503 2210 Abellanae
531 2161 559 2210 et
592 2153 778 2228 praenestinae
807 2169 891 2209 nuces
916 2127 1017 2208 vvirides
1051 2152 1204 2226 stringunt,
1219 2160 1243 2201 1⁵
1297 2159 1298 2238 l

294 2246 388 2294 coctae
410 2245 499 2294 autem
523 2240 620 2294 minus.
657 2238 684 2293 in
699 2237 761 2294 cibo
776 2243 900 2310 sumptae
915 2238 996 2310 capiti
1017 2234 1141 2293 dolorem
1162 2237 1205 2291 in·
1297 2243 1298 2316 ξ

297 2323 420 2392 eutium,
439 2323 611 2378 stomachum
634 2320 775 2378 inflatione
800 2319 968 2377 distendunt.
1006 2321 1116 2395 corpori
1139 2336 1204 2376 sane
1297 2325 1298 2374 l

295 2404 488 2480 pinguedinem
516 2405 671 2464 conterunt.
709 2405 797 2462 nuclei
825 2420 916 2460 carum
943 2404 1002 2461 triti
1029 2420 1091 2461 cum
1119 2405 1204 2460 mulsa
1297 2379 1298 2424 ¹

294 2492 353 2565 poti
375 2499 494 2549 veterem
518 2492 612 2548 tussim
635 2498 815 2564 conpescunt.

259 2799 554 2855 contremere.
592 2799 763 2855 ddedernnt
780 2800 817 2869 (-'r
829 2801 857 2867 o)
874 2799 965 2868 gold:
986 2815 1028 2854 -re
1042 2797 1163 2866 culed
1175 2814 1203 2867 p.

61 2924 87 2941 ,,
187 2869 258 2926 vitia
276 2873 306 2925 et
327 2871 428 2926 iecoris
447 2887 468 2924 s.
487 2871 522 2926 id
545 2869 656 2934 (iecoris
677 2871 723 2924 tic
744 2871 826 2925 etiem
843 2872 900 2940 go).
969 2868 1092 2924 aalma
1115 2869 1203 2938 gold:
1297 2859 1298 2900 ¹

187 2957 238 2999 oto
257 2941 302 2996 rb.
319 2941 510 3010 {miscuerunt
528 2942 569 3010 (-ῑ
582 2944 610 3011 o)
627 2943 719 3012 goldr
738 2957 780 2996 ·re
797 2942 849 3010 rb„
899 2947 915 2995 5
933 2939 1126 3011 propinandas
1144 2940 1201 3008 ldl

188 3014 319 3067 catcrron
344 3027 397 3081 po,
425 3013 566 3067 catomum
589 3013 623 3068 ld
650 3013 827 3080 (catharrum
849 3013 911 3082 rb).
995 3018 1011 3068 6
1040 3009 1204 3066 distillantis

187 3082 341 3152 goldmb).
388 3089 402 3138 7
422 3083 518 3138 ursina
530 3101 581 3154 go:
601 3100 650 3139 ·no
663 3085 773 3153 tado).
790 3086 794 3154 Ι
811 3083 938 3152 elopieiia
951 3099 1003 3153 go,
1022 3080 1169 3151 ellopyciia
1183 3083 1201 3151 l,
1297 3127 1298 3140 .

188 3151 278 3235 -pitiie
297 3155 316 3209 d
336 3155 377 3224 (r,
396 3154 492 3226 -petiis
510 3156 546 3225 b).
596 3155 774 3226 8Aiuntqne
792 3156 837 3209 cd.
853 3155 859 3223 Ι
875 3154 998 3224 dampna
1012 3153 1052 3208 ld.
1107 3158 1203 3208 9eae-
1297 3149 1298 3176 ¹

189 3240 306 3280 saornm:
325 3242 468 3282 caesorum
482 3243 513 3296 y,
532 3232 644 3282 caesore
658 3227 718 3293 (sic)
731 3243 762 3293 o,
781 3242 911 3282 cesorum
929 3226 963 3280 ld
980 3226 1138 3294 (caecorum
1150 3224 1202 3294 νὺ).

225 3302 257 3352 11
277 3297 395 3353 adsidue
412 3315 442 3368 g,
462 3297 575 3372 assidue
593 3313 624 3364 o,
642 3297 754 3352 assiduo
772 3298 816 3352 td:
838 3295 965 3366 quotidie
982 3297 1027 3366 rb.
1044 3299 1049 3364 l
1064 3309 1202 3365 perunge
1297 3337 1298 3358 .

188 3367 270 3437 curo
295 3370 419 3440 (gestor
436 3368 510 3435 old).
578 3371 620 3424 tit.
648 3368 691 3424 De
715 3367 848 3438 psittetia
865 3383 916 3437 po,
945 3367 987 3422 De
1010 3365 1104 3436 psytio
1123 3367 1133 3420 l
1151 3364 1202 3434 (De

187 3438 317 3506 psistaiio
335 3441 391 3509 cd).
448 3445 480 3492 12
499 3438 695 3496 Psittatio'rum
713 3439 814 3508 (cion'i
827 3442 854 3509 o)
872 3455 927 3508 go,
945 3437 1157 3508 Psyptetiornm
1168 3437 1203 3492 ld

188 3507 396 3634 (Papptppiorum
413 3510 469 3580 rb).
526 3515 558 3564 13
578 3509 672 3578 matie
689 3511 781 3580 gold:
800 3509 909 3578 gratiae
926 3509 971 3564 rb.
1039 3513 1074 3562 14
1091 3507 1202 3563 adcom-

189 3595 274 3633 moa
321 3596 368 3648 po.
