2610 4040
491 249 709 314 ⁴65-

93 433 164 476 oum
192 413 264 473 oleo.
306 421 419 493 myrtea
446 417 527 492 virga
557 432 631 492 quae
660 414 740 473 terro
764 422 841 474 tacta
870 425 973 490 lutat.

92 521 155 564 non
179 509 225 562 cst
248 504 278 562 in
302 503 403 563 dolore
430 505 586 581 inguinum
610 501 839 581 circumligatur.

93 591 276 652 absinthium
289 590 397 651 habere
412 593 444 652 in
454 590 579 651 ventrali
593 591 724 670 prodest.
742 590 841 669 pollex
868 602 955 665 auor.
980 603 1059 665 rapa

93 683 159 740 eius
176 679 261 759 pedis
279 682 502 759 aquoinguen
522 686 567 739 est
589 682 724 759 proximo
748 678 840 757 digito
868 673 928 740 Um·
947 677 972 742 θ’)

59 768 227 848 salligatus
250 775 398 829 tumorem
421 768 511 828 sedat.
614 827 618 834 .

159 968 268 1026 ΠΗ.
291 927 472 1024 moennus
494 967 532 1024 rn
554 981 653 1024 enno
676 969 733 1024 vu
754 969 791 1024 in
812 968 914 1025 unns.

160 1086 314 1148 Ulceribus
337 1089 369 1146 in
397 1105 485 1147 crure
511 1087 557 1147 vel
584 1090 615 1148 in
643 1087 724 1148 tibiis
748 1088 838 1167 adeps
866 1098 971 1160 auam.

91 1178 215 1236 ursinus
243 1175 370 1238 admixta
396 1175 520 1252 rubrica
549 1178 720 1254 imponitur.
763 1194 837 1254 quae
900 1179 937 1232 ib.

90 1271 219 1345 serpunt
245 1273 387 1324 curantur
415 1263 482 1324 telle
510 1266 614 1343 aprino
643 1281 713 1324 curn
740 1266 839 1324 resina

90 1360 125 1414 et
148 1371 274 1414 cerussa.
307 1352 491 1414 maxillarum
509 1354 574 1431 apri
591 1351 637 1412 vel
656 1355 719 1412 suis
737 1354 837 1412 cinere
901 1355 937 1409 ib.

47 1456 75 1494 10
92 1444 316 1521 insperguntur.
353 1442 441 1502 tinius
464 1443 603 1520 caprinus
618 1459 655 1501 er
669 1449 753 1502 aceto
768 1440 836 1501 sub·
900 1443 937 1498 ib.

90 1537 176 1591 actus
203 1537 233 1590 ot
259 1529 495 1590 subfervefactus
524 1531 696 1608 imponitur.
740 1532 838 1589 omnia
900 1531 936 1584 ib.

88 1621 123 1678 in
141 1617 188 1679 his
205 1618 279 1678 locis
297 1618 398 1678 ulcera
416 1625 582 1697 purgantur
602 1625 631 1678 et
651 1617 837 1696 complentur

90 1703 166 1786 (et)
193 1714 390 1786 persanantur
417 1706 525 1785 butyro
555 1724 589 1766 ac
616 1705 743 1766 medulla
772 1724 836 1766 cer·

88 1797 170 1876 vina,
198 1797 270 1855 item
293 1794 359 1855 selle
383 1796 501 1855 taurino
529 1813 597 1855 curn
625 1797 746 1873 cyprino
771 1795 836 1854 oleo
899 1796 935 1850 ib.

43 1898 71 1938 1⁵
89 1891 141 1944 aut
165 1885 253 1944 irino.

156 2084 283 2140 xm.
308 2083 470 2140 'Pelorum
492 2081 603 2138 dolori
625 2081 683 2137 vel
705 2081 842 2138 tumori.

158 2189 301 2262 Curribus
325 2203 370 2263 vel
392 2201 459 2263 talis
487 2203 512 2261 si
539 2207 655 2262 tument
683 2209 712 2262 et
735 2201 836 2262 dolent
864 2213 952 2276 31,72.

86 2309 212 2363 muscus
222 2309 258 2350 ex
268 2290 332 2351 oleo
347 2292 437 2352 tritus
450 2292 621 2369 imponitur.
645 2289 733 2350 limus
748 2308 834 2369 aqua-

86 2538 179 2683 m?
192 2531 338 2670 Ξὲέἳὲῗῗῗ
345 2546 479 2683 {illm
493 2547 534 2655 dt.
555 2534 808 2682 dunstatus,
819 2532 1103 2671 {alleluiamdlll

85 2689 118 2726 rn
137 2673 264 2727 cruribus
283 2675 312 2728 et
329 2671 408 2726 tibin
426 2673 453 2728 d.
521 2679 536 2728 6
555 2671 701 2727 Ulceribus
713 2671 846 2740 -tibris,
865 2687 934 2740 quoe
952 2673 1034 2727 verbo
1052 2689 1101 2726 om.

84 2744 143 2814 ud,
161 2759 195 2797 ec
208 2745 289 2799 titulo
306 2744 390 2798 buius
403 2759 462 2812 cap.
477 2744 645 2798 restituendo
663 2758 717 2798 csse
732 2743 846 2796 Plinius
863 2743 982 2798 iudicat:
1000 2743 1104 2799 Ulcera

86 2815 172 2868 senat
188 2813 219 2868 in
236 2813 314 2870 tibiis
334 2813 513 2883 cruribusque
536 2814 616 2885 adips
634 2813 744 2868 ursinus
763 2819 810 2868 etc.
883 2819 898 2867 '1
923 2814 1058 2870 ammixta
1076 2832 1102 2883 y.

124 2891 159 2938 12
183 2887 377 2954 purgentureb
402 2884 584 2954 complentur.
621 2886 857 2942 resonantur..
876 2886 918 2954 ytl
941 2885 981 2953 (eb
1003 2902 1046 2941 aaa
1068 2893 1102 2954 r).

84 2957 245 3025 purgantur
263 2958 292 3012 el
313 2956 499 3026 perconantur
520 2957 599 3011 babet
621 2957 702 3011 etiam
721 2957 814 3011 More.
831 2973 858 3024 p.
879 2962 931 3011 232
950 2957 1012 3024 (om.
1032 2957 1102 3027 Pl.):

84 3027 181 3096 itaque
200 3028 349 3099 addidici.
401 3032 433 3080 13
448 3026 550 3096 bubyro
563 3027 683 3097 yr(M):
702 3027 812 3082 vulture
825 3028 852 3083 d.
891 3031 924 3082 15
938 3029 1000 3083 ant:
1016 3029 1061 3083 vel
1075 3030 1104 3082 d.

85 3095 211 3167 lbyrino
233 3099 275 3168 qd
303 3097 406 3166 (birino
434 3099 498 3167 bm):
531 3097 647 3168 hyrcino
666 3099 710 3154 rb.
736 3101 741 3167 Ῑ
770 3099 802 3152 ic
814 3098 855 3167 qd
877 3100 1000 3168 aequitem
1022 3101 1104 3168 quasi

82 3184 175 3224 nocua
202 3171 243 3224 tir.
266 3189 321 3224 xxv
345 3168 476 3225 cruribus
498 3169 595 3224 italis
617 3175 664 3224 etc.
683 3186 713 3239 p,
741 3169 786 3222 Ad
810 3185 891 3224 crura
907 3169 954 3224 vel
976 3169 1055 3225 tibiis
1079 3170 1104 3225 si

83 3240 188 3295 dolent
208 3240 255 3295 vel
276 3242 388 3295 tument
405 3243 436 3308 d,
463 3257 532 3310 quae
550 3257 583 3294 ec
606 3241 666 3309 ipsc
684 3240 766 3294 initio
794 3240 912 3308 capituli
933 3240 966 3295 de
983 3242 1103 3296 talorum

81 3312 179 3367 dolore
198 3312 242 3378 (cf.
263 3311 340 3366 Puo.
360 3317 386 3366 et
400 3312 492 3368 More.
501 3328 532 3380 p.
545 3314 611 3381 232)
630 3312 714 3366 duda
726 3315 799 3366 sunt.
831 3327 910 3366 verus
928 3317 1017 3367 comm
1036 3314 1101 3367 titu-

81 3384 131 3438 lus
149 3383 182 3436 in
199 3383 323 3453 morpice
341 3384 496 3452 ademptos
509 3397 584 3437 occo
602 3383 634 3436 in
647 3383 724 3438 codd.
737 3382 872 3450 sequentis
891 3383 1008 3452 capituti
1025 3391 1104 3432 mr

77 3455 131 3523 (Ε
154 3455 258 3522 mm)
289 3455 383 3508 initio·
395 3455 572 3526 praepositus
598 3458 637 3508 eat
672 3454 794 3522 (propter
825 3457 915 3508 textus
947 3453 1101 3506 breuitatem

7 3535 8 3538 ’
79 3526 145 3580 loco
170 3539 221 3579 awo
248 3526 319 3586 male
345 3526 492 3594 depulsus).
567 3531 600 3580 16
624 3521 755 3579 Curribus
770 3555 802 3564 -
818 3522 915 3578 dolent
941 3523 1041 3578 addidi
1067 3537 1102 3577 ear

78 3597 124 3654 tit.
145 3611 172 3665 9.
746 3633 748 3638 -

138 3698 209 3738 Punu
222 3700 317 3739 iunioris
329 3699 390 3739 medi
403 3701 448 3740 ina.
591 3720 595 3723 -
721 3687 723 3690 Α
799 3691 803 3698 ’
925 3687 941 3736 5
