2620 4030
589 253 830 318 ..150-

311 421 435 500 pinnum
457 421 587 498 itemque
612 418 796 497 serpentium
820 417 930 498 optime
954 433 1057 478 semen
1079 433 1117 476 ex
1135 433 1224 476 meru

313 509 448 570 sumitur.
485 506 574 568 simili
592 505 680 568 modo
703 513 902 585 temperatum
920 521 1059 566 venerem
1079 503 1226 586 stimulat,

312 587 430 658 urinam
450 589 523 676 ciet,
547 596 626 658 sistit
649 595 759 675 alvum,
786 591 936 674 pulmonis
959 601 989 655 et
1012 594 1153 655 iocineris
1177 595 1224 654 in·

311 687 403 747 iurias
426 683 530 766 abigit,
557 683 766 746 abundantiam
788 683 873 745 lactis
899 683 1057 764 puerperis
1079 689 1227 763 praestat,

312 793 349 834 ex
372 792 447 854 aqua
471 775 574 835 tritum
602 774 735 835 nausiam
762 771 859 858 sedat,
886 769 1070 834 stomachum
1093 769 1255 833 dissolu-⁵

312 871 377 924 tum
400 862 570 941 adstringite
592 877 648 922 nec
671 869 718 922 est
739 859 812 922 illud
835 861 1004 942 perieulum
1025 861 1114 922 etiam
1139 861 1167 922 si
1189 861 1226 921 iu

312 950 395 1012 lehre
415 957 558 1012 sumatur.
594 948 717 1010 vulnera
735 948 833 1010 dentis
857 951 953 1010 canini
978 965 1047 1011 eum
1069 947 1155 1010 melle
1176 950 1225 1009 lu·

312 1039 398 1100 litum
420 1046 528 1119 purgat
552 1046 581 1098 et
604 1043 695 1099 sanat.

239 1173 284 1228 Pl
378 1187 501 1251 xxva
533 1188 582 1244 na
604 1186 792 1245 numero.
865 1157 867 1162 ’

216 1251 302 1313 Μ
381 1287 579 1367 scorpionum
601 1286 710 1348 ictibus
734 1294 764 1348 et
787 1288 901 1347 morsui
924 1287 1005 1348 canis
1028 1301 1129 1348 semen
1154 1286 1223 1346 cius

313 1395 349 1436 cx
371 1379 440 1438 vino
467 1377 568 1438 datum
591 1377 731 1437 occtrrrit
767 1378 798 1436 in
824 1374 921 1436 mulsa
949 1374 1105 1438 decoctam
1128 1379 1221 1453 atque
1238 1387 1265 1426 ¹⁰

311 1472 416 1544 potum
430 1463 654 1526 difficultatibus
667 1465 771 1525 arunas
780 1464 925 1526 medetur.
947 1463 1223 1524 tormentavcntris

313 1560 343 1612 ct
366 1560 480 1613 ceteras
503 1555 714 1615 intestinorum
737 1551 874 1632 querelas
891 1551 998 1614 eodem
1016 1549 1104 1612 medo
1126 1557 1222 1612 sanat

312 1639 396 1702 radix
413 1643 445 1701 in
463 1643 531 1701 vino
555 1641 677 1703 decocta
696 1641 825 1703 calculos
842 1639 935 1721 pellit.
971 1639 1121 1702 interiret
1142 1637 1223 1701 lum-

312 1727 420 1790 borum
443 1727 596 1791 doloribus
618 1731 722 1792 eadem
745 1733 865 1811 potione
894 1730 1090 1791 succurritur.
1126 1745 1223 1790 sucus

313 1817 667 1967 ἓῐῗΐοηὶὲὴιιερτορίῃθῑιιε
686 1826 856 1899 exoptatum
871 1818 1000 1879 calorem
1018 1835 1074 1898 per
1086 1816 1224 1878 membra
1239 1833 1265 1872 1⁵

334 1909 343 1966 i
365 1925 406 1968 un
427 1909 459 1968 it.

312 2047 525 2057 ———..-..-.

313 2102 433 2162 vulnera.
469 2103 543 2161 radix
566 2104 623 2159 eius
644 2103 673 2158 in
689 2103 750 2159 vino
767 2110 845 2160 cocta
859 2109 936 2159 sanat
957 2099 1121 2176 hydropicos
1144 2107 1222 2175 puta.

313 2193 484 2244 veretrorum
505 2202 602 2244 causae
623 2186 713 2244 radice
734 2188 792 2244 eius
821 2186 848 2242 in
870 2187 933 2244 vino
960 2194 1037 2244 encta
1065 2184 1224 2243 foveantur.

278 2322 281 2326 ,
313 2269 378 2327 lolia
405 2271 464 2328 eius
496 2271 560 2328 trita
587 2288 649 2328 enm
676 2270 757 2328 melle
784 2271 881 2330 canino
908 2271 1012 2330 morsm
1044 2267 1222 2328 subveniunt.

313 2369 405 2412 samen
424 2356 484 2410 eius
499 2371 532 2412 ax
546 2355 610 2412 vinu
633 2356 727 2412 tritum
749 2364 873 2430 potatum
889 2356 1026 2414 unaarum
1041 2351 1224 2412 difficultates
1239 2359 1267 2401 ²⁰

313 2438 388 2498 iuvat
410 2447 438 2496 et
459 2439 556 2497 lactem
578 2448 718 2514 prcvceat.

686 2539 847 2550 —a-———-

238 2587 294 2655 (42)
376 2575 531 2635 olusatrum
560 2577 660 2636 calidae
688 2586 717 2635 et
744 2587 869 2636 austerae
891 2577 999 2635 virtutis
1022 2583 1074 2637 est.
1111 2585 1225 2632 coctum

312 2662 340 2716 iu
369 2661 488 2720 oleribus
515 2661 688 2720 commodum
721 2663 873 2722 stomacho.
921 2661 1034 2718 crudum
1068 2667 1226 2720 comestum

311 2745 426 2802 multum
449 2745 572 2805 calefacit
593 2747 706 2805 vesicam
729 2755 757 2804 et
771 2748 877 2804 urinam
899 2751 997 2803 movet.
1035 2743 1138 2802 radices
1162 2745 1225 2803 clus

310 2830 339 2884 in
365 2829 451 2887 mulsa
479 2839 571 2888 anctae
598 2830 773 2889 dillleultatcs
806 2831 900 2888 ruinae
927 2829 1075 2905 expellunt.
1123 2843 1264 2888 semensa

311 2913 370 2968 cius
392 2915 488 2971 tritum
510 2931 543 2971 ex
565 2917 627 2973 vina
649 2915 769 2974 calculos
798 2915 900 2991 lranglt
922 2923 950 2972 et
976 2913 1095 2988 expellit.
1135 2929 1224 2971 sucus

312 2997 410 3053 radicis
433 2999 491 3083 eius
514 3008 628 3074 potatur
648 3009 743 3058 eontra
765 2998 881 3059 lluorcm
904 2999 1020 3057 multum
1042 2998 1162 3056 sudoris.

277 3186 291 3234 1
313 3184 473 3268 serpentum
485 3187 614 3255 guliel).
660 3193 676 3241 3
692 3185 759 3241 Sitit
772 3187 873 3270 (⁸5⁶)93
888 3184 916 3252 Ι
907 3181 1036 3240 recinet-is
1049 3184 1134 3268 pvb:
1154 3183 1226 3240 ieci-

204 3250 284 3306 norie
297 3253 346 3320 rb,
368 3253 468 3310 iccoris
487 3259 581 3312 ente'
567 3273 619 3328 sps
638 3259 769 3326 corut!
789 3255 957 3311 antnuaml.
1010 3260 1030 3309 4

205 3329 291 3378 text
320 3326 388 3380 etl
413 3327 608 3410 inamiemg
612 3330 656 3384 cl:
680 3259 881 3384 naase'amrb.
951 3269 1226 3398 dsdffitg:

204 3395 337 3465 astringit
354 3397 393 3452 ul
414 3397 452 3467 ι
443 3346 703 3456 rulebrasnmatur
720 3400 780 3484 (sic)
798 3401 837 3455 al.
892 3399 963 3455 sei
981 3398 1048 3468 pact
1069 3411 1087 3451 a
1087 3341 1226 3467 equora

240 3467 282 3522 tit
301 3467 343 3522 De
357 3467 500 3525 holosatro
513 3471 634 3540 gdirb)
649 3470 881 3538 Deholisniroc,
899 3470 941 3525 De
955 3469 1076 3525 olcactm
1090 3468 1186 3540 (simi.

205 3534 344 3592 alcluid.
361 3541 365 3606 Ι
381 3538 442 3592 eins
454 3541 542 3608 guid.
555 3513 693 3596 holcsntri
705 3541 749 3596 rb.
787 3547 819 3596 11
834 3541 985 3596 tormenta
979 3539 1123 3596 ·tormine
1138 3539 1185 3595 Pl.

207 3607 239 3656 ta
258 3606 407 3674 pellitam
426 3625 449 3663 r.
467 3611 471 3677 i
487 3609 611 3666 Lacerius
629 3599 742 3682 (Lautus)
760 3613 787 3668 d
843 3618 876 3666 tn
895 3610 1060 3682 propinatur
1078 3611 1140 3680 (alc)
1159 3627 1186 3681 g.
