2620 4040
586 239 829 305 ,200-

306 413 337 466 ct
364 412 464 466 menta
477 406 562 466 -trita
596 412 627 464 et
658 405 689 464 in
720 406 841 484 potione
868 403 1013 483 perducta
1039 407 1215 484 sanguinem

305 492 500 556 reicientibus
530 500 668 573 prosunt.
709 492 808 556 oleum
839 494 871 554 in
904 511 963 572 qno
995 493 1118 556 &cocta
1145 503 1217 556 suut

305 583 439 646 inlusum
461 583 550 662 capiti
573 581 701 644 caduceo
725 589 755 644 et
777 581 957 660 htmrgteos
980 583 1098 646 excitat.
1134 582 1215 646 alcs-
1298 581 1299 668 l

305 671 389 734 ribus
412 672 579 734 canceratis
595 678 626 732 ct
644 673 759 734 caninis
778 670 928 732 morsibus
946 672 1017 733 trita
1033 689 1114 736 cum
1127 671 1215 734 mede

306 760 495 822 subveniunt.
532 758 651 820 dolores
669 762 810 821 iocineris
829 778 863 822 ac
881 763 1001 822 renium
1019 759 1215 823 decoctorum
1230 773 1244 812 ⁵

306 852 338 911 in
361 867 436 928 aqna
459 856 548 928 potus
571 850 731 931 extinguit,
755 847 884 910 admixto
902 848 1018 910 modico
1041 867 1129 929 passo
1155 868 1215 928 qno

306 937 383 999 solet
400 938 530 1016 potionis
549 937 695 998 eiusmodi
714 937 879 999 amaritudo
897 937 994 1000 leniri.
1026 955 1097 1000 cnm
1115 941 1216 1000 resina

305 1025 506 1088 terebinthina
525 1044 580 1104 pro
600 1033 734 1088 eucmatc
754 1027 822 1088 data
841 1026 971 1090 calculos
989 1027 1145 1109 frangunt,
1165 1027 1218 1088 oh·

307 1117 444 1178 sisinium
458 1113 590 1176 canalem
599 1115 715 1176 vesicae
727 1114 890 1178 laborantis
902 1118 1039 1195 pervium
1052 1121 1216 1196 praestant

306 1206 382 1265 tussi
405 1210 436 1265 et
463 1203 528 1265 colo
554 1211 683 1284 prosunt
705 1223 774 1265 cnm
802 1204 951 1266 elelisiacc
974 1223 1009 1266 ac
1032 1204 1119 1267 melle
1144 1216 1258 1268 con-1⁰

305 1295 376 1355 trita
399 1295 483 1354 etin
506 1291 655 1354 abellanae
680 1295 765 1356 nucis
788 1293 991 1373 magnitudine
1015 1302 1142 1373 sumpta

373 1381 421 1442 Fit
454 1381 705 1442 medicamentum
731 1401 767 1444 cx
798 1385 907 1445 amaris
934 1382 1108 1465 amygdalis,
1136 1383 1219 1462 qnod

306 1469 495 1531 Dioscorides
517 1470 566 1531 dia
585 1470 757 1550 amygdalon
778 1473 885 1551 picron
903 1471 1042 1553 appellat,
1066 1471 1164 1551 spleni
1186 1480 1220 1533 et

306 1559 431 1618 iocineri
449 1560 635 1638 maximeque
654 1562 794 1640 anrngiui
810 1563 1027 1641 necessarium,
1045 1559 1126 1640 quod
1146 1579 1218 1622 con·

307 1646 406 1708 licitur
433 1648 486 1707 sic.
518 1647 738 1726 amygdalornm
765 1663 872 1732 -11,
904 1652 1127 1728 gentianae-
1151 1659 1259 1732 1111,1⁵

307 1737 390 1796 anesi
420 1768 462 1778 -
484 1750 526 1816 11,
557 1734 699 1798 absinthii
729 1739 843 1818 pontici
870 1771 913 1782 -
937 1753 963 1820 1,
996 1739 1095 1800 omnia
1127 1738 1219 1800 simul

307 1832 395 1886 tunsa
414 1823 597 1906 cribrantur,
621 1844 657 1887 cx
676 1844 711 1887 eo
734 1827 857 1907 pulvere
881 1827 1061 1888 coclearium
1080 1845 1116 1888 ex
1141 1845 1217 1906 aqua

307 1913 402 1974 datur.
444 1914 569 1975 mulsam
597 1917 725 1976 miscent
757 1918 808 1996 qni
841 1917 961 1977 nimiam
989 1916 1219 1977 amaritudinem

306 2003 407 2064 vitant.
435 2002 595 2064 vehemens
614 2003 671 2064 hoe
690 2022 755 2065 csse
777 2007 864 2065 etiam
885 2004 1057 2066 donresticis
1075 2006 1217 2066 iunxere

235 2120 273 2176 D·
310 2098 425 2152 servata
449 2094 661 2171 experimentis
683 2092 814 2172 probavi.
879 2132 882 2137 -
1176 2141 1180 2146 .
1232 2103 1260 2141 ²⁰

212 2197 300 2261 1‚176.
377 2177 496 2241 Gummi
523 2180 603 2261 quod
631 2181 776 2262 amygdali
802 2179 891 2242 arbor
919 2181 1056 2264 exsudat,
1091 2183 1186 2243 mixtu

273 2391 287 2439 1
307 2383 376 2439 trita
393 2387 442 2440 rb:
461 2385 546 2441 tritae
564 2403 617 2456 pc,
640 2388 693 2444 hee
711 2388 779 2444 hile
794 2389 835 2443 ld.
861 2390 866 2457 i
890 2389 1006 2459 potione
1023 2389 1116 2458 pald:
1140 2403 1219 2443 -nem

200 2458 245 2513 rb.
267 2455 272 2525 Ι
296 2456 433 2527 perducta
456 2457 555 2527 rb(9):
578 2459 769 2540 perducier,
793 2459 927 2530 perdocte
945 2461 986 2516 ld.
1051 2464 1068 2515 b
1086 2458 1218 2516 iocineris

199 2529 290 2598 prid:
304 2527 489 2586 iecinorisrb.
506 2531 510 2596 Ι
525 2545 633 2584 remum
642 2547 695 2599 po:
709 2546 808 2584 renum
818 2531 922 2600 ld(rb).
940 2531 944 2600 Ι
960 2531 1140 2586 decoctorum
1148 2531 1219 2602 pal:

201 2601 344 2655 coetorum
362 2600 411 2670 rb,
431 2617 481 2657 orn.
500 2601 527 2654 d.
592 2607 608 2655 6
625 2618 711 2670 passa
728 2600 790 2671 (ric)
808 2618 832 2656 v.
849 2603 854 2670 Ι
870 2617 926 2672 qno
937 2600 1064 2656 -leniri
1082 2617 1133 2657 orn.
1152 2603 1180 2657 d.

200 2678 217 2725 8
235 2669 407 2727 terebintina
422 2673 499 2740 pud,
517 2671 713 2727 therebentina
732 2673 742 2726 l
760 2672 990 2743 (therehynihina
1006 2674 1040 2740 r).
1057 2675 1062 2739 1
1082 2689 1134 2742 pro
1153 2688 1219 2728 ene-

199 2744 277 2798 mate
294 2759 325 2813 9:
367 2758 399 2796 ro
417 2743 529 2798 narnate
547 2743 592 2812 vl,
614 2745 781 2812 pronemato
798 2745 837 2798 dr
856 2745 1030 2814 (prooemata
1048 2744 1083 2812 b).
1114 2743 1163 2798 scd
1180 2745 1218 2810 cf.

202 2813 246 2869 Pl.
266 2830 301 2869 ex
319 2813 371 2866 ec'
422 2815 468 2868 ata
483 2809 678 2884 (latacyo'prva
695 2815 753 2885 D.).
821 2820 837 2869 9
856 2816 1013 2885 praestent:
1032 2814 1156 2870 reddunt
1173 2815 1221 2870 id.

237 2889 271 2939 10
290 2882 372 2938 cholo
385 2900 416 2953 p,
433 2883 514 2939 tholo
528 2901 552 2938 c.
569 2888 574 2953 Ι
590 2885 689 2940 helelis
701 2885 778 2940 saeco
791 2900 842 2955 pc,
862 2885 972 2941 harelio.
994 2884 1072 2940 fasce
1087 2886 1121 2940 ld
1135 2884 1218 2954 (heli-

200 2951 290 3010 liffale
308 2954 384 3020 rho,
403 2953 547 3010 heliliaace
566 2956 602 3024 b).
658 2963 691 3011 11
711 2956 858 3012 ebellonae
875 2972 914 3026 pv
933 2957 979 3025 (cf.
999 2972 1020 3012 c.
1038 2957 1115 3025 aegla
1138 2956 1219 3012 avel-

200 3025 265 3081 lano
292 3024 416 3150 law.
443 3030 447 3095 Ι
471 3026 501 3080 in
524 3041 568 3082 av.
592 3027 814 3098 modoanmpta
835 3027 862 3084 d.
931 3031 1044 3082 tat—20
1067 3028 1164 3084 cond

202 3103 235 3151 13
254 3096 382 3166 dyoscori
403 3111 432 3152 es
450 3096 651 3166 dyamigdalon
668 3098 769 3170 pigron
788 3101 804 3153 l.
826 3099 831 3168 1
856 3098 905 3154 dia
922 3097 1092 3182 amygdalon
1109 3114 1142 3168 pe
1164 3097 1217 3168 dy-

200 3167 363 3238 amigdalon
380 3185 404 3222 o.
421 3172 427 3236 1
442 3167 538 3238 pieton
557 3171 607 3238 (cic
623 3171 674 3241 pc)
692 3187 742 3227 om.
761 3171 806 3224 rb.
871 3169 1040 3226 miccinam
1056 3171 1125 3239 pol:
1148 3168 1218 3224 ieci-

200 3238 263 3294 nori
279 3239 323 3294 rb.
345 3242 349 3306 l
374 3239 496 3310 aurigini
513 3257 538 3296 c.
609 3245 642 3295 15
667 3241 772 3310 Accipe
791 3257 845 3295 am.
864 3240 963 3296 unciae
980 3241 1050 3296 duaa
1068 3244 1116 3295 cto.
1135 3241 1182 3296 rb.

201 3317 236 3365 16
257 3309 346 3366 enodi
369 3312 379 3365 l
406 3309 570 3381 (anicirb).
596 3313 601 3378 1
632 3311 752 3367 absentii
774 3313 878 3381 μην).
910 3315 913 3378 Ι
947 3327 1020 3382 qnae
1047 3311 1145 3366 omnia
1170 3313 1220 3369 rb.

201 3383 235 3450 cf.
264 3397 359 3451 supra.
465 3388 497 3436 17
528 3384 557 3438 et
584 3399 618 3437 ex
646 3398 679 3438 eo
709 3383 815 3452 rb(l).·
845 3385 850 3452 Ι
884 3382 984 3452 anciila
998 3382 1132 3452 charinm
1163 3385 1220 3452 pol

202 3453 342 3522 (cochlear
361 3454 390 3520 b,
409 3453 519 3508 coclear
536 3456 570 3521 r).
641 3459 674 3508 19
693 3453 763 3508 Veh.
781 3463 894 3522 nanque
912 3454 939 3508 h.
958 3454 1003 3509 rb.
1029 3455 1034 3520 Ι
1059 3453 1219 3509 domestico

203 3523 266 3579 sinu
280 3524 430 3580 servatum.
450 3541 512 3593 exp.
527 3524 545 3578 l.
561 3524 566 3594 Ι
582 3523 612 3578 in
625 3540 723 3579 uxore:
742 3524 859 3579 innxuro
874 3525 935 3594 (sic)
948 3541 973 3581 o.
1023 3529 1056 3578 21
1072 3524 1221 3596 amygdali

203 3594 298 3650 arhor:
318 3593 461 3664 amigdala
480 3593 562 3648 arbor
579 3610 608 3663 c,
628 3595 808 3664 amygdalum
827 3595 867 3650 ld.
