2620 4030
566 181 809 246 -136-

290 345 396 406 breves
414 343 521 426 pilulas
541 343 758 426 deformantur,
782 362 821 406 ex
845 342 955 424 putus
971 362 1032 405 una
1051 344 1097 406 vel
1115 343 1204 426 duae,
1303 337 1304 374 .

291 436 316 495 si
345 433 438 496 febris
462 452 522 496 non
547 434 651 515 luerit,
679 433 759 495 dulci
782 435 850 495 vino
876 433 1026 496 resolutae
1049 441 1202 513 potantur.

290 525 419 585 sienim
442 523 534 585 febris
559 523 659 605 luerit,
682 541 757 603 aqua
776 522 924 585 resolutae
949 521 1111 586 dormitum
1129 541 1202 584 eun·

289 610 370 674 tibus
384 615 591 693 propinantur.
624 620 769 692 quantum
782 612 856 673 haec
874 614 957 691 potio
977 612 1071 673 valeat
1087 614 1204 673 utinam

290 701 373 787 nulla
386 701 535 763 calamitas
553 704 701 780 coegisset
719 709 753 763 ut
767 703 972 782 experimento
986 719 1053 762 meo
1071 719 1203 762 nossem.
1219 712 1234 753 ⁵

186 890 233 951 Pl·
247 895 291 960 2⁰,
358 903 419 958 m.
442 901 492 957 De
514 905 604 958 ruta.

217 969 258 1020 51.
360 1018 469 1081 Rutam
487 1019 570 1081 valde
595 1020 766 1081 hominibus
790 1020 949 1082 salutarem
973 1027 1122 1083 testantur
1160 1029 1207 1082 tot

292 1109 424 1171 antidota
448 1109 633 1171 medicorum
661 1111 712 1190 qui
736 1108 772 1169 de
797 1112 862 1170 eius
886 1111 1005 1171 nomine
1029 1110 1205 1190 gloriantur.

230 1208 246 1241 *
292 1198 442 1278 equibus
471 1217 565 1260 unum
593 1217 653 1260 non
681 1198 786 1260 inutile
816 1217 962 1279 exponam
990 1208 1146 1280 repertum
1175 1202 1207 1260 in

292 1290 427 1369 aegyptia
455 1285 532 1349 Iovis
556 1290 674 1349 civitate
703 1295 792 1367 atque
816 1286 885 1349 inde
914 1288 1011 1350 adhuc
1033 1287 1205 1368 Diospoliti-

292 1393 361 1437 oum
376 1376 489 1438 dictum
503 1375 695 1457 diapeganou.
724 1377 910 1438 stomachum
924 1379 1046 1459 excitat,
1064 1376 1205 1456 digestio·
1222 1389 1250 1428 1⁰

293 1482 362 1524 nem
377 1465 596 1547 adcommodat,
616 1466 714 1526 alvum
727 1465 834 1548 mollit,
857 1465 948 1527 bilem
963 1474 1115 1548 extenuat,
1134 1469 1208 1527 vitia

292 1556 424 1633 pectoris
448 1553 550 1614 lateris
573 1556 682 1615 iecoris
706 1573 739 1615 ac
763 1572 871 1616 renum
890 1557 1013 1635 mitigat.
1047 1555 1209 1616 coniicitur

293 1644 351 1702 sic:
378 1649 464 1703 rutae
483 1641 586 1704 viridis
610 1677 653 1685 -—
677 1659 728 1724 vl,
751 1645 860 1724 cymini
883 1677 925 1686 —
945 1659 997 1726 vl,
1026 1645 1141 1724 piperis
1164 1677 1209 1687 ——
1305 1653 1306 1670 ¹

293 1745 344 1812 vl,
368 1733 439 1792 nitri
464 1764 506 1773 -—
530 1746 579 1794 111.
624 1735 775 1812 cyminum
801 1741 886 1794 aceto
913 1735 998 1814 prius
1026 1740 1209 1812 maceratur,

295 1979 355 2021 cum
382 1980 452 2038 pane
478 1965 653 2039 superposita
682 1961 837 2038 lippitudini
872 1964 1018 2022 medentur
1043 1972 1072 2021 et
1099 1979 1209 2020 omnem
1225 1967 1253 2009 ¹⁵

297 2055 431 2105 tumorem
461 2057 649 2123 compescunt.
686 2048 776 2122 ipsum
798 2049 889 2123 apium
911 2048 996 2105 viride
1023 2050 1118 2106 tritum
1146 2066 1210 2106 cor·

294 2133 354 2206 pori
388 2132 515 2190 intricate
538 2131 647 2189 ubivis
675 2132 749 2209 quod
771 2132 871 2189 variola
887 2149 942 2190 non
965 2141 1098 2192 transeat:
1121 2134 1209 2190 iuvat.

295 2233 388 2273 semen
410 2217 462 2292 apii
484 2219 580 2274 tritum
595 2226 623 2274 et
638 2216 711 2274 aliud
735 2225 840 2274 tautum
855 2234 948 2274 semen
970 2221 1057 2291 aneti,
1079 2218 1212 2275 similiter

294 2317 386 2357 semen
402 2303 553 2377 yoscyami‚
576 2302 630 2377 apii
651 2319 744 2360 comae
764 2302 882 2359 medium
906 2310 1026 2375 tautum,
1048 2305 1112 2360 trita
1127 2311 1156 2360 et
1171 2305 1211 2360 ci·

295 2385 386 2460 brata,
409 2402 558 2461 conspersa
572 2403 658 2462 aqua,
681 2386 794 2462 pillulae
810 2386 972 2462 figurentur.
1002 2389 1025 2445 si
1048 2387 1139 2446 lebrea
1162 2387 1212 2444 ad·
1227 2403 1256 2447 ro

295 2470 414 2545 luerint,
438 2489 491 2530 una
513 2481 560 2529 aut
582 2472 654 2529 duae
677 2474 705 2528 iu
728 2488 797 2547 aqua
812 2471 920 2529 solutae
942 2471 1064 2530 cubitum
1079 2471 1212 2530 euntibus

295 2554 410 2614 dentur:
434 2557 531 2614 mirum
554 2551 622 2634 est]

261 2829 469 2900 1pi1ulas9o:
496 2831 612 2901 pillulas
631 2832 700 2901 l(r).
718 2832 722 2900 Ι
738 2848 773 2888 ex
791 2831 906 2901 quibus:
932 2832 967 2886 ob
985 2831 1029 2886 laia
1045 2831 1135 2904 verbio
1153 2832 1211 2886 inc.

187 2900 246 2955 eod.
270 2900 361 2970 houd.
382 2902 427 2972 (o).
482 2907 498 2955 2
522 2902 547 2958 si
569 2901 655 2974 febris
677 2919 734 2958 non
756 2933 790 2944 -
809 2902 946 2973 potantur
968 2919 1019 2958 om.
1041 2919 1059 2956 r
1081 2903 1150 2971 (non
1173 2903 1211 2970 b).

191 2967 334 3041 lresoluta
351 2973 376 3026 b.
422 2972 530 3028 3enim
548 2990 600 3029 om.
614 2974 659 3028 rb.
676 2975 681 3044 Ι
696 2973 821 3028 resoluta
834 2973 900 3028 vrb.
946 2971 1073 3029 inulla:
1091 2973 1211 3042 nulldr,

187 3041 296 3098 nullam
321 3043 337 3098 d
370 3045 406 3114 (l,
434 3043 514 3100 nulla
540 3045 581 3101 ed.
610 3043 696 3115 Vm).
724 3045 729 3112 l
759 3044 898 3116 coegisset
925 3044 1117 3115 experimento
1144 3061 1212 3100 meo

187 3113 297 3170 novisse
320 3115 365 3170 rb.
431 3113 446 3170 'l
470 3116 520 3188 qui
540 3117 652 3188 octor:
681 3131 753 3186 quas
771 3116 817 3171 rb.
876 3123 892 3172 8
915 3134 1002 3171 unum
1027 3117 1212 3186 om.t.101-

187 3200 292 3254 ponam
313 3187 380 3256 pol:
408 3203 512 3256 ponam
535 3189 581 3245 rb.
646 3193 662 3242 9
681 3186 797 3243 civitate
821 3189 907 3256 atque
924 3187 943 3243 i.
962 3204 988 3242 a.
1007 3185 1211 3258 dily)ospolim.

188 3253 295 3312 dictum
310 3257 396 3328 (dcta
409 3261 431 3330 l)
449 3259 670 3330 di(y)opegauon
682 3259 748 3328 pul:
777 3258 894 3315 civitate
911 3257 1038 3328 Diospoli
1054 3261 1143 3328 utque
1161 3257 1211 3312 ud-

188 3327 245 3383 huc
263 3327 442 3400 dispcganon
460 3330 568 3386 dictum
586 3331 631 3386 rb.
663 3332 698 3398 es.
720 3329 782 3384 Gal.
803 3340 839 3390 Vl,
854 3335 978 3386 ecutae
996 3330 1090 3400 (atque
1107 3347 1141 3386 ec
1162 3330 1211 3385 Pr.

190 3398 287 3456 Plinio
311 3400 418 3456 orthae
450 3408 499 3458 aet.
519 3403 567 3457 lat.
587 3403 627 3458 ed.
644 3401 711 3456 Par.
732 3405 801 3457 ttae
819 3418 852 3472 p.
870 3408 943 3470 337).
1008 3407 1041 3456 10
1060 3401 1137 3470 quod
1156 3403 1213 3456 sto·

188 3469 321 3525 maehum
338 3474 376 3527 rb
399 3473 490 3542 (Rutu
508 3474 589 3528 stom.
610 3487 634 3526 e.
652 3474 725 3550 νὴ..
774 3478 807 3527 13
826 3472 931 3542 Recipe
948 3473 1064 3528 ruloer
1086 3474 1156 3542 (non
1174 3473 1210 3542 dl

263 3546 296 3594 14
314 3545 394 3598 aceto
413 3543 491 3613 prius
508 3559 564 3612 po:
583 3540 662 3612 prius
680 3545 761 3598 aceto
779 3544 838 3598 lbm
857 3543 944 3614 (prius
961 3543 992 3598 in
1010 3560 1085 3613 aqua
1102 3545 1162 3614 rb).
