2620 4030
488 246 732 310 -137-

103 407 212 469 deinde
240 407 387 489 torretur,
419 415 449 470 et
476 411 616 470 universe
644 418 731 470 tunsa
759 418 789 472 et
816 420 898 473 creto
926 411 1013 473 melle

103 498 217 577 optimo
246 500 336 558 mixta
367 496 556 578 subiguntur.
598 507 697 560 rutam
720 501 843 560 venenis
870 503 1013 562 resistere

103 586 248 647 mustelae
272 587 393 668 docent,
416 605 582 666 quaecum
606 587 796 667 serpentibus
820 588 1013 650 dimicaturae

104 674 172 736 cibo
196 677 261 736 eius
284 683 445 737 armantur.
477 676 579 737 docuit
602 685 632 738 et
653 695 707 738 rex
735 680 874 757 ponticus
897 677 1011 741 Mithri·
1057 685 1073 719 *

75 764 203 845 scates,
239 767 291 844 qui
318 783 387 826 oum
414 765 517 826 fratris
545 768 592 826 sui
623 767 744 827 timeret
775 766 898 828 insidias
928 775 1012 828 rutae

105 853 175 914 lolia
194 868 243 914 xx
267 872 336 915 cum
359 853 474 915 duabus
494 850 621 916 nucibus
642 863 671 916 et
694 855 818 917 totidem
837 858 943 916 caricis
966 856 1015 916 ad·

103 945 198 1003 mixto
218 943 287 1004 salis
305 961 397 1022 grano
412 943 532 1004 cottidie
551 947 670 1006 ieiunus
689 948 812 1024 accepit.
846 963 901 1006 nec
921 947 1015 1005 mino·

103 1049 170 1092 rem
199 1030 285 1092 nobis
313 1050 400 1111 opem
430 1042 460 1093 et
488 1041 592 1094 contra
619 1035 689 1094 vitia
713 1037 848 1114 corporis
874 1042 1014 1115 praestat.

104 1128 189 1180 aceto
214 1128 244 1182 et
271 1120 336 1182 oleo
364 1140 451 1182 roseo
479 1124 570 1183 mixta
593 1123 717 1182 miritice
745 1123 878 1184 dolorem
911 1125 1015 1204 capitis

61 1226 88 1265 1o
104 1211 219 1270 avertit.
261 1209 428 1272 inflationes
452 1210 543 1292 oholi,
569 1213 643 1273 item
666 1213 797 1272 matricis
820 1214 1012 1291 ommnmque
1027 1223 1121 1280 neore,

103 1301 328 1360 interaneorum
347 1302 447 1360 statim
470 1303 584 1380 mitigat
603 1319 672 1360 cum
694 1299 802 1380 butyro
822 1308 851 1361 et
874 1299 940 1360 oleo
963 1301 1012 1361 de·
1032 1299 1102 1365 3‚45.

104 1395 189 1448 cocta
218 1396 249 1448 et
274 1379 391 1449 iniecta.
433 1389 468 1450 ad
500 1387 663 1450 lumbricos
691 1388 840 1450 necandos
868 1389 940 1450 utile
970 1397 1017 1451 est

104 1476 205 1536 oleum
236 1475 347 1538 bibisse
376 1480 424 1538 cui
457 1485 524 1538 ruta
553 1480 669 1538 incocta
698 1486 751 1540 est.
797 1481 881 1558 ignes
914 1497 1015 1539 sacros

104 1583 175 1626 cum
194 1574 278 1628 aceto
297 1574 327 1627 et
347 1566 412 1628 oleo
431 1585 554 1627 rosaceo
574 1574 604 1627 et
623 1586 745 1628 cerussa
764 1576 927 1647 temperata
946 1566 1015 1628 ilico

61 1671 89 1710 15
105 1657 261 1734 extinguit.
286 1655 374 1716 datur
389 1664 419 1716 et
433 1674 523 1717 sucus
533 1658 599 1717 eius
613 1665 681 1717 ante
696 1657 898 1718 accessionem
912 1655 1015 1717 biben-

105 1743 162 1804 dus
186 1751 290 1805 contra
318 1743 419 1805 lebres
442 1763 511 1806 cum
534 1744 644 1825 lrigore
668 1747 831 1807 venientes.
868 1745 947 1806 idem
971 1748 1015 1805 in-

105 1831 234 1894 stillatus
257 1833 399 1895 auriculis
422 1834 514 1895 elficit
537 1842 571 1895 ut
594 1837 746 1914 contingat
769 1834 880 1896 audire.

174 1921 355 1984 Stultissime
371 1921 490 2002 quidam
499 1915 584 1984 rutae
594 1925 664 1984 vitia
678 1922 819 1984 dixerunt
833 1922 912 2002 quod
926 1940 1013 1982 vene·
1059 1973 1074 2007 s

104 2029 170 2072 rem
191 2011 338 2092 inhibeat,
365 2011 491 2090 genitale
511 2029 613 2073 semen
632 2014 798 2092 extinguat,
820 2013 949 2072 infantes
971 2013 1122 2095 immota)

61 2114 91 2154 20
106 2107 195 2161 utero
210 2108 306 2161 necet.
332 2101 403 2160 lacit
416 2103 496 2161 enim
513 2101 587 2161 haec
601 2107 662 2161 non
675 2103 748 2182 ipsa,
763 2100 815 2161 sed
830 2103 881 2179 qui
895 2102 1015 2161 virtutis

105 2190 172 2250 cius
191 2188 275 2250 obliti
293 2206 349 2250 nec
368 2189 489 2250 modum
508 2208 565 2250 uec
584 2198 702 2270 tempus
721 2191 876 2268 aspiciunt.
905 2198 936 2251 et
948 2188 1015 2250 ideo

107 2289 273 2357 temperare
288 2276 449 2356 prudentis
456 2285 503 2340 est
512 2287 546 2340 ut
560 2278 596 2339 de
607 2279 715 2341 auxilio
725 2297 786 2340 non
800 2279 1015 2340 liatvenenum.

177 2455 249 2512 liuta
265 2457 401 2513 hortensis
416 2457 528 2513 nimium
544 2458 651 2514 virtutis
671 2457 785 2528 calidae,
809 2459 897 2513 omnia
913 2473 1016 2513 venena
1039 2455 1095 2523 (46)

105 2540 220 2615 expellit
242 2557 303 2599 eum
320 2543 381 2598 vino
404 2550 479 2616 pota.
513 2559 595 2598 sucus
618 2541 749 2598 loliorum
771 2542 829 2599 cius
852 2558 914 2598 cum
935 2541 1016 2597 malle

60 2626 192 2684 asellico
220 2626 350 2701 caligines
379 2626 522 2684 oculorum
550 2626 671 2684 discutit.
712 2643 774 2682 cum
802 2626 882 2683 molle
908 2633 1017 2699 sumpta

105 2709 262 2768 inflationes
285 2711 418 2768 stomachi
441 2711 524 2770 tollit.
561 2726 653 2767 semen
677 2712 734 2768 eius
759 2713 852 2767 tritum
875 2727 936 2768 cum
951 2711 1015 2765 rino

105 2797 187 2870 potui
209 2796 301 2851 datum
325 2796 459 2852 tortiones
481 2797 583 2853 ventris
607 2795 687 2852 tollit.

179 2970 193 3018 1
208 2967 293 3018 tunsa
304 2979 356 3032 μ,
370 2965 435 3020 eun
444 2964 462 3018 r.
480 2965 484 3030 ι
500 2963 579 3018 areu
590 2947 690 3032 loom:
710 2963 833 3018 osenia
846 2963 921 3032 ure).
939 2964 943 3032 ι
959 2961 1044 3016 meus
1057 2961 1123 3031 qvi:

103 3033 185 3089 melli
203 3034 248 3088 rb.
294 3035 478 3090 smustellee
495 3052 518 3089 r.
565 3035 761 3090 tmetxidebes
778 3051 805 3105 9.
851 3033 999 3108 olnuoibus
1012 3032 1124 3103 iuglan-

104 3105 189 3161 dibus
202 3105 247 3161 rb.
264 3107 269 3174 1
285 3105 454 3160 admixto-
465 3103 583 3160 cottidie
596 3121 646 3162 oen.
662 3108 679 3164 i.
717 3112 733 3161 9
747 3122 827 3162 roseo
840 3122 892 3176 qo:
906 3121 1020 3160 rosaceo
1033 3105 1043 3160 t
1056 3103 1124 3174 (rb).

106 3176 217 3250 {mixta
235 3178 301 3247 ool:
325 3176 415 3232 mixto
433 3179 478 3232 rb.
530 3181 565 3230 10
582 3178 693 3233 avertit.
721 3176 880 3232 inflationes
894 3175 969 3232 choli
987 3174 1123 3246 (inflacio-

103 3264 156 3302 nes
174 3249 231 3304 coli
248 3250 282 3319 l):
300 3249 341 3304 sic
358 3249 419 3319 yet.
471 3254 503 3302 11
523 3248 626 3304 buturo
644 3265 670 3306 o.
726 3255 759 3304 13
779 3248 873 3305 oleum
890 3250 1056 3317 ommluon
1070 3243 1123 3318 b).l

105 3318 154 3375 eui
172 3320 235 3376 oleo
249 3319 345 3404 πυῐᾳῤ.
359 3319 398 3375 sit
411 3321 428 3375 i.
446 3321 478 3390 ΙΙ
508 3337 548 3402 ,οε
567 3336 647 3376 aeros
661 3321 679 3377 l.
722 3327 757 3403 14
775 3337 887 3375 cerussa
903 3320 968 3402 ool:
987 3333 1088 3390 oerum
1099 3316 1125 3384 b,

104 3393 455 3535 egrffioeagtmgfflfvg:
474 3391 642 3518 ·recr⁰b.rbb1
661 3388 1070 3532 mbbobdbmabvlbbtbtbllblbb
1082 3457 1125 3512 la·

104 3533 165 3590 ciat
179 3535 196 3591 l.
238 3539 272 3590 27
296 3551 366 3604 quae
387 3551 439 3605 seq.
462 3535 495 3588 in
512 3535 569 3589 cod.
587 3532 658 3600 ‚Vae
676 3535 760 3602 (Mai
782 3536 859 3604 1,42)
882 3533 990 3588 adiecta
1006 3534 1073 3585 sunt
1090 3545 1124 3584 cx

103 3605 228 3678 Apuleio
249 3605 414 3662 Dioscoride
435 3608 586 3674 iterumque
608 3606 735 3676 Apuleio
791 3645 793 3652 .
