2610 4040
603 277 823 342 „22-

340 450 444 515 tulta.
472 439 566 500 lorcm
589 441 690 500 statim
713 439 825 499 sedant,
862 437 931 499 folia
958 440 1072 499 cicutae
1095 439 1165 500 trita
1191 446 1223 498 et

470 529 512 588 ita
534 528 625 588 fronti
647 530 786 608 imposita
803 527 947 606 epiforam
965 533 996 587 ct
1018 535 1165 588 tumorem
1191 534 1221 587 et

472 616 605 678 dolorem
627 617 743 680 tollunt.
771 615 949 676 anacollema
967 615 1023 675 hoc
1042 615 1130 676 modo
1153 615 1221 676 lieri

357 718 443 780 29,39.
472 703 561 765 solet:
597 704 665 764 lana
690 723 750 765 non
783 711 885 765 curata
913 723 982 766 cum
1009 704 1074 766 albo
1107 706 1154 764 oui
1189 713 1220 765 et

372 797 408 850 eb.
471 794 548 853 turis
575 793 685 876 polline
713 793 804 854 fronti
832 792 1003 873 applicatur.
1045 795 1093 854 ovi
1119 791 1249 854 album5

472 880 567 941 oculis
593 882 726 942 inlusum
752 882 880 960 epiloras
910 881 992 942 sedat
1020 887 1050 942 et
1077 881 1219 942 uredines

358 981 444 1043 nati.
471 971 587 1048 mitigat
613 978 649 1030 et
670 970 926 1048 refrigerationem
953 977 1093 1048 praestat.
1138 969 1219 1030 lutea

472 1075 595 1119 ovorum
619 1077 655 1118 ex
677 1060 792 1120 rosacio
817 1066 847 1119 et
870 1058 965 1119 mulso
988 1061 1020 1119 in
1037 1058 1104 1118 lana
1127 1076 1220 1137 super

341 1156 443 1219 ieret.
471 1146 574 1209 oculos
597 1148 799 1227 imponuntur.
837 1165 923 1207 caseo
942 1145 1022 1207 molli
1041 1148 1161 1226 caprino
1182 1165 1219 1208 cx

472 1253 547 1314 aqua
579 1235 705 1316 ferventi
736 1237 874 1315 imposito
905 1235 1034 1315 opiferae
1067 1234 1219 1296 sedantur.
1237 1249 1263 1287 10

255 1314 265 1325 '
339 1333 444 1396 28,172.
472 1324 559 1384 scmus
592 1326 730 1404 caprinus
763 1342 799 1386 cx
829 1323 915 1385 melle
949 1323 1042 1384 oculis
1074 1323 1219 1385 inlinitur.

372 1413 409 1466 io.
472 1412 623 1490 vulpinam
643 1412 774 1491 linguam
787 1411 948 1474 habentem
961 1414 991 1472 in
1006 1411 1119 1472 armilla
1132 1411 1218 1491 lippi·

473 1505 575 1560 turum
598 1507 714 1578 negant.

537 1769 647 1826 VIIII.
671 1770 787 1830 oouus
808 1769 950 1826 suffusis
972 1768 1145 1840 sanguine.

339 1933 444 1996 29116.
540 1921 666 2002 Sanguis
684 1923 843 1985 instillatur
861 1922 1014 1984 columbae
1028 1923 1074 1983 vel
1087 1923 1222 2006 palumbi

372 2013 408 2068 to.
472 2010 519 2071 vel
540 2010 670 2090 perdicis
693 2012 738 2071 vcl
766 2015 902 2073 turturis.
943 2013 1146 2092 superimponi
1170 2012 1265 2072 dc-15

473 2098 524 2158 bet
562 2097 709 2178 splenium
745 2119 781 2160 ex
818 2100 904 2160 melle
942 2107 1060 2161 coctum
1092 2099 1221 2180 lanaque

340 2195 445 2259 copti.
474 2187 575 2246 sucida
594 2205 629 2246 ex
649 2188 714 2247 oleo
733 2195 783 2247 aut
801 2189 877 2248 vino.
916 2188 998 2248 radix
1022 2197 1107 2249 rutae
1134 2188 1222 2250 inlita

328 2268 446 2336 (0111111)
474 2274 619 2335 emendat.

278 2560 292 2610 1
311 2551 378 2624 trite
396 2549 439 2607 ite
456 2567 482 2622 p.
532 2558 548 2608 1
567 2552 609 2608 ita
627 2568 676 2608 om.
695 2554 740 2608 rb.
758 2554 762 2620 Ι
783 2552 932 2623 epiphoras
946 2555 976 2608 et
990 2554 1115 2610 dolorem
1128 2554 1158 2609 et
1174 2555 1225 2608 tu-

205 2641 313 2681 morem
330 2623 375 2677 cb.
435 2622 640 2678 tanocollima
658 2625 706 2694 φά.
770 2631 862 2680 enon
880 2626 977 2680 curete
994 2641 1025 2694 9:
1053 2623 1225 2681 ineumtcet

205 2698 236 2766 (i.
256 2714 277 2752 e.
296 2693 423 2753 rediculo
440 2701 496 2750 n¹on
511 2697 608 2750 curate
623 2695 688 2764 Pi),
712 2695 865 2752 carminata
878 2697 928 2763 eb,
947 2694 1089 2764 carpineta
1102 2696 1163 2763 (oie)
1173 2696 1226 2752 bn.

241 2773 257 2822 6
276 2766 358 2821 sedat
374 2764 426 2818 db:
446 2767 526 2821 curat
544 2768 585 2822 bt·
604 2768 647 2835 (r).
674 2768 678 2832 Ι
702 2765 825 2821 uridines
843 2782 869 2835 p.
917 2772 931 2820 7
956 2765 1169 2836 refrigeratione
1188 2783 1226 2836 p:

206 2853 267 2892 nce
284 2837 353 2891 deb.
378 2835 381 2899 Ι
406 2841 471 2902 poet
488 2838 614 2906 praestet
636 2854 705 2906 quoe
722 2852 773 2906 neq.
792 2838 824 2891 to
847 2837 863 2891 b
889 2836 938 2906 (Ut
961 2839 1055 2892 eutem
1075 2835 1227 2894 nminem

205 2908 240 2962 de
259 2906 346 2963 oculis
363 2904 448 2960 tollas
471 2912 517 2962 etc.
542 2909 640 2963 additu
662 2912 727 2963 suot
745 2923 779 2962 ear
796 2923 820 2975 r,
839 2912 870 2962 ut
888 2912 913 2962 et
930 2912 1013 2962 acteo
1030 2907 1166 2976 quamam
1184 2910 1226 2964 ab

202 2979 287 3033 initio
305 2975 423 3047 capitote
444 2981 470 3031 et
484 2983 547 3045 poet
561 2977 625 3047 epis.
641 2978 833 3048 suspendunt).
875 2983 891 3032 8
911 2994 957 3033 ex:
977 2994 1041 3034 cum
1053 2979 1090 3033 rb
1105 2978 1184 3047 (Pl).

206 3055 239 3103 10
258 3049 288 3104 et
305 3045 427 3103 ferventi
441 3063 514 3118 equo
527 3049 672 3118 supposito
685 3051 722 3104 rb
738 3048 879 3118 (imposito
899 3050 960 3118 bt).
994 3055 1026 3104 11
1042 3066 1076 3104 ex
1084 3050 1127 3118 pol
1137 3049 1226 3118 (Pl.):

170 3143 180 3158 ·
206 3135 270 3174 cum
283 3121 327 3176 rb.
374 3121 407 3169 12
422 3117 558 3188 lipturam
568 3120 628 3190 (etc)
637 3136 663 3188 p.
706 3121 748 3176 ut.
763 3119 807 3174 Ad
817 3119 912 3176 oculos
922 3118 1041 3176 suffusos
1050 3117 1227 3188 sanguinent.

242 3196 277 3245 14
296 3185 415 3260 sanguis
437 3189 590 3246 instillatus
608 3190 736 3246 columbe
764 3190 904 3258 (columbe
921 3190 986 3246 inst.
1006 3191 1038 3258 d,
1065 3189 1228 3246 distillatus

205 3261 352 3316 columbae
371 3261 432 3330 tm).
455 3260 502 3315 vel
519 3259 646 3330 palumbi
667 3279 694 3316 v.
708 3280 735 3332 p.
749 3278 776 3315 v.
794 3263 816 3317 t.
834 3279 855 3318 s.
874 3261 958 3316 debet
980 3261 1067 3330 pdbm
1085 3261 1179 3328 (aliter
1192 3279 1227 3317 rx

206 3330 326 3403 Sanguis
341 3331 515 3389 columbinus
533 3330 694 3388 instillatum.
725 3330 851 3388 Perdicie
863 3348 929 3388 vero
945 3332 974 3386 ct
991 3331 1110 3388 turturis
1123 3347 1226 3401 super·

204 3402 313 3474 imponi
331 3402 422 3460 debet.
452 3403 531 3458 nane
548 3401 660 3459 succide
674 3420 708 3458 ex
726 3402 788 3458 oleo
808 3405 837 3458 et
854 3403 927 3460 vino.
955 3402 1001 3458 rel.
1017 3417 1077 3470 nm„
1095 3403 1171 3457 wude
1185 3405 1228 3472 b).

207 3473 213 3543 Ι
227 3474 394 3532 instillatur:
419 3475 476 3529 -tus
490 3474 532 3543 pd
552 3474 610 3545 (qui
619 3478 644 3528 et
656 3475 713 3542 spei
722 3475 948 3542 praecedentibus
960 3474 1030 3528 male
1048 3473 1229 3542 ceetomone

205 3545 413 3617 superimponi
430 3545 533 3613 debet).
585 3549 617 3599 16
638 3543 872 3613 Splen...coctus
889 3545 938 3614 pei.
985 3549 1017 3597 17
1036 3545 1088 3599 eut
1103 3560 1133 3613 9:
1154 3545 1230 3600 etd

206 3614 250 3681 (ac
269 3617 335 3687 Pl).
359 3619 364 3686 Ι
394 3618 424 3672 et
444 3615 523 3670 radix
540 3632 566 3685 9.
591 3617 594 3683 Ι
623 3612 722 3670 inlitae
744 3631 769 3685 p.
