2610 4040
403 215 713 280 '-73—

163 416 206 472 11.
230 415 395 486 sangnini
417 432 462 473 ex
483 418 688 476 vulneribus
709 421 871 477 sistendo.
935 377 937 380 Ι
1004 405 1012 416 ’

164 535 267 596 Fimus
291 535 451 606 caballinus
475 523 553 598 cum
572 557 695 599 ovorum
718 543 844 620 putami-
872 551 978 614 30‚112.

96 623 186 685 nibus
205 633 353 685 crematur
374 628 460 705 isque
479 629 554 687 cinis
572 628 753 707 spatbomela
772 631 844 689 min-¹

96 723 147 774 tus
169 715 332 792 imponitur
354 713 456 794 plagae
481 712 510 795 <:
533 717 607 776 mire
631 713 740 797 sistit).
764 718 844 798 poly-
872 727 977 792 32,121.

95 821 154 882 pus
177 809 263 863 tusus
286 803 316 862 in
339 803 398 882 pila
421 805 452 863 in
475 803 596 865 modurn
620 806 772 886 emplastri
795 805 843 866 ad·

66 889 226 951 sorbetur.
263 898 365 951 cortex
388 894 491 952 vitium
519 901 549 954 et
577 893 646 954 lolia
674 895 755 956 arida
777 903 844 956 tusa
872 905 941 968 23,4.

94 981 126 1039 in
149 979 243 1039 larina
261 982 434 1058 sanguinem
454 983 563 1042 sistunt
582 989 612 1042 et
630 983 738 1044 vulnus
757 984 843 1064 gluti·

94 1075 177 1128 nant.
219 1066 286 1127 lolia
314 1071 424 1146 persici
451 1072 521 1131 trita
552 1079 582 1132 ct
609 1073 746 1151 imposita
775 1072 843 1133 hae·
872 1082 977 1144 23‚132.

93 1156 283 1234 morrbagian
317 1159 434 1218 sistunt.
479 1158 586 1238 pilulae
607 1160 728 1240 platani
760 1169 844 1221 tusae
872 1166 952 1228 24,44
970 1163 1030 1230 (om.
1049 1161 1075 1230 r)

94 1263 134 1305 ex
161 1252 244 1305 aceto
271 1246 435 1325 impositae.
472 1246 584 1307 serulae
616 1249 699 1308 cinis.
735 1247 844 1309 hircini
872 1257 977 1322 colat.
1005 1257 1112 1321 conto.

53 1343 79 1382 1⁰
93 1335 175 1394 utris
192 1335 297 1393 vinarii
315 1337 390 1394 cinis
409 1353 477 1396 cum
495 1336 559 1414 pari
577 1336 708 1415 pondere
728 1339 843 1397 resinae

94 1441 132 1482 ex
156 1429 240 1482 aceto
264 1424 420 1502 impositus
440 1425 614 1502 sanguinem
637 1427 715 1486 sistit
734 1432 764 1485 et
781 1425 843 1485 rul-

93 1529 169 1571 nera
187 1510 320 1590 glutinat.
352 1511 510 1573 haedinum
530 1513 687 1592 coagulum
705 1532 741 1573 ex
759 1522 843 1574 aceto

94 1602 272 1679 sanguinem
295 1603 382 1661 sistit.
906 1603 943 1657 ct.

161 1800 226 1855 m.
249 1799 459 1856 Vulneribus
481 1755 677 1858 recentibus
700 1804 735 1857 et
756 1801 873 1856 nervis
896 1798 1020 1856 incisis.

162 1916 313 1996 <vulnera
336 1914 489 1998 recentia>
513 1937 629 1979 vermes
647 1921 761 1979 terreni
779 1921 843 1979 triti
871 1928 976 1992 tollo.

56 2013 80 2051 1⁵
94 2007 314 2088 conglutinant,
338 2008 410 2068 adeo
433 2015 468 2067 ut
491 2009 579 2067 etiam
602 2025 709 2084 nervos
732 2009 842 2067 incisos

94 2094 226 2155 solident
248 2095 294 2155 die
319 2098 453 2174 septimo.
489 2095 567 2156 idem
582 2097 704 2157 arefacti
726 2098 756 2156 in
781 2095 842 2155 sole
870 2106 975 2170 eona

94 2203 131 2244 ex
165 2190 249 2244 aceto
281 2185 345 2243 triti
377 2183 550 2244 vulneribus
585 2186 781 2263 imponuntur
814 2192 844 2244 et

93 2273 274 2352 interposito
297 2265 396 2332 biduo
411 2271 574 2332 solvuntur.
606 2273 721 2333 cocleae
745 2291 842 2333 exem·
906 2274 942 2328 io.

93 2368 163 2439 ptac
192 2359 228 2420 de
256 2361 319 2420 suis
347 2362 432 2422 testis
461 2360 570 2420 crudae
598 2363 685 2422 tritae
717 2361 843 2420 mirifice

57 2451 81 2490 ²⁰
95 2448 232 2509 solidant.
261 2448 377 2508 cocleae
397 2467 465 2509 cum
484 2451 546 2509 suis
566 2451 653 2509 testis
672 2457 755 2510 tusae
775 2467 843 2510 cum
905 2449 945 2504 ib.

94 2536 208 2616 myrra*
223 2545 254 2597 et
280 2545 347 2597 ture
372 2539 460 2598 ctiam
489 2539 640 2616 praecisos
664 2555 771 2598 nervos
799 2555 843 2596 sa·

166 2725 209 2778 ut,
229 2723 364 2794 Sanguini
383 2740 417 2779 ex
437 2724 579 2780 ulceribus
603 2723 776 2793 (vulneribus
794 2724 844 2793 rb)
868 2721 992 2778 sistendo
1010 2736 1040 2790 q,
1065 2723 1111 2777 Aa

94 2795 262 2865 sanguinem
285 2811 320 2849 ex
341 2794 481 2850 ulceribus
504 2794 657 2850 sistendum
675 2796 702 2851 d.
775 2800 790 2848 2
810 2795 892 2864 spato
913 2793 999 2848 melle
1021 2794 1112 2848 mixto

93 2865 249 2936 imponitur
281 2865 347 2938 legg
360 2867 403 2934 pd
420 2866 585 2990 {spatomele
603 2866 692 2920 mixto
707 2865 791 2920 melle
809 2864 1043 2935 imperiturum:
1061 2865 1110 2919 ud-

93 2937 183 2991 mixto
201 2953 247 2991 me
271 2938 422 3006 eepcto'nu
433 2952 467 2991 ee
482 2937 510 3009 (i.
525 2954 546 2991 c.
562 2955 574 2991 s
595 2936 738 3006 atomilae)
756 2936 858 3007 plegae
872 2935 1110 3006 impositus.mire

95 3007 172 3062 sistit
188 3008 236 3062 rb.
263 3006 333 3062 mire
352 3005 427 3062 sistit
443 3007 525 3062 mm
545 2955 601 3075 Pi,
618 3009 667 3077 qui
684 3023 735 3063 om.
754 3007 968 3077 spcthomelcm,
1035 3007 1111 3062 ofer

94 3078 157 3132 rinc
175 3079 224 3133 db.
279 3083 295 3132 7
313 3077 495 3148 hemorogieu
508 3094 539 3149 p,
566 3077 734 3134 emorroicm
752 3079 779 3133 d.
851 3083 867 3132 8
886 3076 986 3132 Pnlnle
1005 3079 1064 3147 (sic)
1083 3078 1110 3132 d.

130 3156 147 3204 9
171 3150 201 3204 et
221 3148 354 3219 imposite
371 3149 398 3203 ri.
424 3152 428 3217 Ι
453 3149 619 3219 sangninem
642 3149 745 3204 sistunt
766 3151 830 3206 adol.
850 3150 873 3205 b.
900 3150 904 3216 Ι
929 3147 1040 3218 hyrcini
1061 3149 1124 3218 pet·

130 3225 165 3275 11
184 3237 218 3275 ex
235 3221 286 3275 rb:
306 3220 336 3274 et
353 3220 401 3288 pri.
421 3219 429 3302 J
453 3220 619 3275 vulnerare
638 3220 721 3290 (Pl.):
738 3220 834 3274 ulcere
851 3220 900 3290 cd.
952 3226 985 3273 12
1004 3235 1111 3289 quegu-

93 3289 154 3344 lum
176 3307 202 3360 g.
275 3291 316 3344 tit.
335 3289 482 3345 Ulceribus
509 3291 689 3359 (Vulneribus
711 3291 759 3362 rb)
787 3290 944 3346 recentibus
967 3292 997 3345 et
1018 3289 1112 3344 nervis

93 3359 189 3416 incisis
206 3378 237 3432 g,
256 3361 301 3415 Ad
318 3360 413 3415 ulcere
431 3361 603 3416 recontinet
621 3362 657 3416 ud
675 3378 775 3417 nervos
793 3361 893 3417 incisos
911 3362 938 3416 d.
989 3366 1024 3414 14
1041 3358 1111 3413 Vul-

95 3448 163 3487 nere
180 3431 304 3488 recentia
321 3432 420 3486 ataui
438 3448 472 3486 ex
489 3433 526 3487 rb
545 3432 652 3502 (Ptin).
727 3438 759 3488 15
782 3432 899 3488 incisor:
923 3430 1044 3486 abscisos
1063 3429 1110 3483 Pl.

38 3641 42 3650 Ι
132 3569 166 3618 16
180 3563 238 3619 die:
253 3563 282 3618 in
297 3563 462 3631 dier(intra
475 3582 497 3619 a.
507 3563 581 3618 diem
593 3564 658 3634 Pi).
675 3567 679 3634 Ι
695 3562 814 3632 septimo
827 3580 865 3633 pr
875 3562 954 3630 (Pl.):
969 3559 1014 3614 die
1024 3526 1071 3616 unii.
1082 3561 1111 3614 d.
