2620 4040
625 257 867 322 -188-

415 481 555 538 xum.
587 467 644 538 De⁸
658 479 800 552 persico.

264 592 326 648 Gal·
416 600 607 662 Persicorum
630 599 715 660 cibus
737 606 784 660 est
810 597 931 682 quidem
954 597 1108 658 stomacho
1135 596 1245 676 inutilis,

246 670 384 750 ''¹³⁵⁹2eo
408 689 487 768 quod
511 691 569 749 cito
594 705 684 749 sucus
707 690 772 748 eius
795 689 942 748 inacescat
963 681 995 746 el
1016 704 1085 746 caro
1110 687 1245 764 aequein

348 778 512 858 digestione
536 779 670 858 vitietur,
693 794 797 836 verum
819 777 942 836 minime
964 777 1075 856 gravis,
1103 775 1176 835 dum
1196 790 1245 832 nor

235 884 237 894 ’
348 865 461 928 diutius
475 867 510 926 in
533 867 683 927 intestinis
702 871 836 926 moratur
855 870 885 924 et
904 863 941 924 ad
959 867 1018 924 ima
1037 881 1159 943 semper
1177 864 1245 922 exitu

276 949 312 1004 iz'·
351 953 493 1016 celeriore
522 955 650 1014 festinat.
686 971 855 1032 praecoqua
877 959 977 1012 tamen
1005 959 1035 1013 et
1061 953 1194 1012 armenia
1214 950 1264 1008 let

245 1024 430 1104 Vs’593·viora
458 1052 537 1104 sunt.
577 1044 676 1104 minus
703 1044 734 1102 in
761 1042 808 1102 bis
840 1041 963 1102 otiendit
995 1040 1075 1120 quod
1109 1058 1199 1119 supra
1221 1041 1246 1097 in

348 1130 510 1193 maioribus
528 1133 653 1211 persicis
672 1131 885 1190 adnotavimus.
919 1137 951 1189 et
970 1137 1070 1190 tamen
1088 1144 1247 1208 praecoqua

347 1221 384 1281 ad
399 1220 557 1283 utilitatem
576 1222 711 1299 corporis
730 1220 870 1280 armeniis
884 1217 1073 1279 antecedunt.
1103 1217 1172 1278 ideo
1184 1217 1246 1276 haec

348 1312 437 1370 etiam
455 1311 552 1388 aegris
570 1311 692 1370 interim
710 1307 774 1368 dari
791 1314 931 1387 possunt,
950 1305 1168 1386 quorumdum
1181 1311 1246 1366 taxat

348 1399 483 1460 condicio
507 1398 685 1477 permiserit.
1255 1403 1274 1442 1⁰

249 1537 250 1540 ,
413 1485 605 1547 Persicorum
637 1484 731 1558 cibus,
758 1491 884 1564 negatur
916 1502 933 1544 a
963 1483 1088 1545 medicis
1124 1481 1246 1543 membra

259 1583 321 1638 Gai.
347 1576 471 1634 nutrire.
509 1573 637 1634 Galenus
661 1573 765 1634 suadet
792 1590 954 1652 numquam
980 1579 1050 1652 post
1071 1571 1175 1633 cibum
1196 1587 1246 1629 on·

246 1660 424 1721 Vt593nino
457 1679 589 1742 sumere,
622 1663 775 1741 corrumpi
806 1660 964 1722 adfirmans
988 1663 1014 1722 si
1041 1660 1115 1721 cibis
1151 1660 1246 1720 ceteris

263 1759 327 1814 Gal.
349 1751 498 1811 innatarit
532 1749 605 1810 'folia
627 1753 814 1830 persicorum
842 1751 967 1818 tritaet
992 1751 1122 1829 inposita
1148 1748 1245 1808 ventris

240 1837 482 1900 mitanimalia
509 1841 661 1918 perimunt
683 1849 713 1900 et
737 1837 896 1917 expellunt.
934 1838 1037 1898 eadem
1060 1840 1143 1898 sicca
1170 1844 1243 1912 atque
1256 1845 1273 1883 1⁵

285 1945 301 1978 s
350 1929 380 1988 in
403 1927 557 2008 pulverem
580 1935 667 1988 tunsa
690 1934 827 1989 recentes
854 1927 954 2006 plagas
977 1934 1175 1988 cruentorum
1195 1921 1244 1982 rul-

249 1991 300 2132 231?
294 1993 336 2117 ἔτ
352 2035 459 2078 nerum
482 2016 631 2078 claudunt.
668 2014 792 2077 nucleus
819 2017 1006 2094 persicorum
1034 2017 1140 2094 capitis
1164 2011 1245 2074 dolori

346 2271 450 2319 matura
478 2263 603 2320 coeliacis
630 2271 658 2320 et
680 2262 857 2338 dysentericis
878 2271 905 2319 et
934 2265 1093 2338 sanguinem
1121 2261 1246 2320 reicienti-

348 2345 399 2404 bus
421 2355 538 2421 prosunt
560 2348 587 2402 in
608 2347 667 2404 cibo
690 2355 805 2422 sumpta.
842 2355 919 2404 cocta
941 2348 969 2404 in
984 2349 1074 2404 cinere
1098 2347 1185 2404 calido
1206 2344 1245 2401 ob·

347 2431 439 2488 voluta
455 2431 482 2487 in
505 2430 589 2488 farina
606 2431 705 2488 dantur
725 2433 754 2488 in
770 2431 892 2488 febribus
907 2431 1092 2488 laborantibus
1108 2431 1243 2488 diuturnis.
1254 2437 1273 2476 tt

347 2517 488 2574 stomacho
504 2516 644 2573 commoda
667 2524 739 2572 sunt.
776 2517 859 2573 incisa
880 2523 957 2572 cocta
979 2517 1007 2572 in
1029 2533 1097 2590 aqua
1119 2516 1183 2573 dato
1198 2523 1245 2569 sto·

346 2601 441 2658 macho
470 2599 635 2658 dolentibus.
674 2603 764 2656 vinum
780 2593 882 2657 'eorum
911 2599 1098 2674 dysentericos
1120 2600 1244 2658 coeliacos

254 2721 259 2731 ·
346 2687 502 2742 nausiantes
531 2686 643 2760 stringit
671 2693 699 2742 et
731 2687 891 2758 sanguinem
918 2693 1076 2759 expuentes.
1123 2695 1199 2742 cocta
1222 2683 1244 2736 in

347 2770 433 2826 mulsa
455 2771 518 2826 trita
541 2769 682 2826 stomacho
703 2771 822 2842 inposita
844 2768 1012 2826 deiectiones
1035 2768 1147 2826 tollunt.

311 3012 324 3058 1
345 3005 374 3060 P.
394 3006 508 3076 quidem
527 3006 606 3062 cibus
625 3009 667 3062 est
684 3005 793 3060 inutilis
811 3007 845 3060 st.
865 3007 882 3060 l.
938 3014 954 3061 2
975 3023 1008 3062 eo
1026 3007 1064 3062 rb
1078 3008 1130 3076 (ple
1150 3021 1197 3062 om.
1211 2991 1241 3058 ol.

241 3075 401 3148 linacescat
417 3094 448 3146 9:
476 3080 619 3134 coacescat
636 3078 686 3144 rb,
712 3077 852 3132 inarescat
873 3078 913 3132 cl.
937 3083 940 3146 Ι
965 3077 1180 3149 indigestionem
1198 3077 1213 3130 l.

239 3153 255 3202 ὁ
275 3146 407 3203 celeriore
426 3148 473 3216 (-ri
490 3151 518 3220 9)
536 3149 602 3218 pol:
622 3148 708 3204 celeri
725 3148 791 3216 rb!
813 3151 1077 3220 praecoqua-(10)
1094 3143 1243 3218 permiserit

237 3219 303 3288 pol:
327 3233 377 3273 om.
396 3220 441 3274 cb.
478 3223 517 3286 cf.
540 3221 574 3274 de
591 3219 755 3289 praecoquis
776 3223 802 3274 ct
824 3221 955 3274 araneolis
977 3221 996 3275 i.
1019 3220 1172 3274 mioortbcs
1190 3231 1242 3286 per·

237 3290 302 3344 sicis
319 3289 413 3345 Diosc.
434 3296 520 3364 146⁵.
580 3296 596 3345 9
616 3290 702 3345 etiam
720 3306 770 3345 om.
790 3291 808 3344 l.
829 3293 833 3360 l
853 3293 956 3361 posunt
972 3308 997 3362 9.
1019 3293 1024 3360 l
1044 3291 1111 3346 dum
1129 3293 1206 3346 taxet
1220 3301 1244 3354 os

237 3387 275 3442 du
293 3389 374 3442 taxat
384 3406 415 3446 n:
434 3387 572 3444 duntaxat
585 3390 602 3443 l.
650 3394 682 3443 11
697 3370 810 3461 atigetur
824 3390 841 3444 l.
888 3394 922 3444 12
937 3387 1059 3444 Galenus
1073 3384 1241 3456 (Goliemrsl)

236 3458 303 3526 pol:
331 3458 380 3512 sed
403 3460 432 3513 et
449 3457 572 3513 Galenus
595 3458 738 3527 (Galienus
756 3460 781 3530 r)
800 3461 845 3517 rb.
867 3459 871 3531 Ι
890 3477 1035 3530 nunquam
1053 3459 1167 3514 omnino
1187 3459 1242 3527 post

239 3526 333 3580 cibum
350 3531 395 3583 rb.
453 3535 485 3582 13
505 3529 654 3584 adfirmans
671 3546 717 3598 po.
740 3534 744 3599 Ι
765 3531 789 3584 si
807 3531 897 3599 sold:
915 3530 946 3584 in
963 3533 1008 3586 rb.
1065 3537 1099 3585 14
1117 3525 1242 3586 tunsum

239 3598 330 3663 qvid:
349 3597 479 3652 innatent
496 3599 541 3653 cb.
558 3604 562 3666 !
579 3600 679 3655 abhinc
696 3602 722 3656 d.
750 3599 924 3656 Persicorum
942 3601 1012 3656 folia
1029 3604 1073 3657 rb.
