2620 4040
494 282 536 291 —
582 246 647 311 207
695 283 757 325 -.

105 420 151 474 tas
179 411 333 490 decoquat
370 429 474 475 verum
502 418 533 472 et
559 408 681 471 ardores
708 409 942 473 febricitantium
965 420 1014 472 e'x-

103 502 214 579 tinguit
236 518 289 560 ore
312 517 518 580 compressum
536 507 567 561 et
586 500 667 559 sitim
689 500 817 580 mitigat,
841 509 871 561 et
892 501 924 561 in
947 499 1014 562 cibo

104 597 222 669 sumpta
254 589 439 650 stomachum
476 592 609 668 erigent,
645 587 786 650 solutioni
816 591 931 650 ventris
962 589 1013 650 ob·

104 680 230 760 sistunt,
266 679 338 740 trita
365 686 398 740 et
428 697 497 740 cum
524 677 634 757 polline
662 679 790 757 inposita
823 677 1014 738 collectiones

77 782 270 846 asuppurare
289 785 350 828 non
372 770 536 847 patiuntur.
573 784 640 827 ossa
663 765 818 827 combusta
841 774 872 827 et
893 767 926 827 in
947 764 1012 846 pul-

103 874 206 917 verem
237 855 357 916 redacta
389 855 497 936 butyro
530 863 560 916 et
591 854 679 917 melle
711 853 921 928 comitantibus
954 873 1014 916 non

103 943 211 1006 abiecti
234 947 345 1025 vigoris
368 943 597 1026 xerocollyrium
619 951 782 1023 praestant

171 1127 241 1184 nx.
273 1113 631 1206 neumnensium.

170 1245 234 1307 Hoc
261 1264 384 1326 pomum
410 1245 599 1307 Dioscorides
627 1246 853 1327 frigidissimum
880 1245 1015 1306 adfirmat
1033 1248 1099 1304 ubit

104 1343 192 1414 atque
215 1335 283 1396 ideo
307 1342 338 1396 et
365 1334 497 1396 laborem
525 1335 700 1414 digestionis
728 1337 873 1396 incutere.
910 1336 1013 1414 stypti-

66 1588 90 1626 10
104 1567 206 1623 claudit
227 1574 255 1623 et
277 1568 349 1623 omni
371 1567 484 1624 sorditie
506 1577 616 1641 purgat.
630 1645 632 1650 Ι
645 1561 792 1645 <similiter
813 1575 841 1624 et
863 1567 896 1625 de
920 1567 1014 1625 caricis

103 1651 303 1727 pinguissimis:
327 1653 355 1708 iu
378 1651 465 1709 mulsa
486 1651 621 1724 infundis,
645 1653 711 1710 teris
727 1661 755 1710 et
777 1653 951 1727 emplastrum
973 1653 1016 1708 in·
1136 1679 1141 1687 ,

102 1737 183 1810 ponis
206 1735 238 1792 ad
260 1730 388 1812 psoras.)
417 1752 498 1811 poma
513 1738 631 1794 recentia
648 1737 752 1794 facilius
767 1745 919 1812 egeruntur
933 1753 1014 1811 quam
1045 1809 1046 1814 η

102 1820 149 1878 illa
176 1837 244 1895 quae
272 1821 375 1877 fuerint
403 1822 489 1892 sicca,
517 1828 545 1877 et
572 1837 667 1878 eorum
693 1823 820 1879 virtutem
849 1821 961 1878 dicimus
984 1830 1016 1876 ut

106 1897 208 1984 [mora]
231 1905 399 1962 calefaciant.

49 2072 90 2134 '15
169 2077 310 2153 ldyxorum
335 2079 461 2135 virtutem
484 2078 685 2154 frigidissimam
708 2080 884 2154 suspicamur.
922 2077 949 2134 id
965 2075 1013 2152 (id)
1035 2082 1090 2152 (80)

103 2179 219 2238 namque
241 2162 384 2220 manifeste
405 2164 555 2237 stypticum
569 2171 682 2238 apparet
704 2172 733 2220 et
754 2162 900 2238 frigidum,
924 2178 1015 2236 quam·

104 2250 144 2304 vis
165 2247 313 2323 plurimum
334 2247 375 2304 illi
398 2247 431 2304 de
453 2248 545 2320 rigore
566 2249 676 2306 siccitas
698 2247 842 2322 decoquat.
873 2263 966 2305 verum
988 2257 1035 2331 et¹

104 2333 217 2390 ardores
239 2331 450 2389 febricitantium
473 2333 609 2408 extinguit
624 2349 672 2390 ore
688 2348 867 2409 conpressum
881 2340 912 2388 ut
933 2349 1015 2388 sucus

104 2417 248 2493 glutiatur.
283 2418 310 2473 in
332 2416 393 2474 cibo
415 2425 554 2492 sumptum
576 2418 747 2485 stomachum
763 2419 860 2492 erigit,
883 2417 1016 2473 solutioni

63 2523 89 2562 ao
104 2504 206 2560 ventris
229 2500 347 2561 obsistit
384 2503 479 2559 tritum
502 2511 612 2559 etcum
640 2501 718 2560 fabae
740 2501 844 2577 polline
866 2501 1015 2576 inpositum

103 2587 279 2645 collectiones
306 2603 458 2661 suppurare
481 2603 541 2666 ¹non
570 2587 681 2662 patitur.
727 2603 789 2642 ossa
817 2584 958 2642 combusta
988 2591 1016 2640 et

104 2672 170 2728 trita
191 2689 252 2729 cum
275 2671 368 2728 butiro
392 2673 473 2728 mista
496 2669 680 2730 combusturis
702 2669 856 2728 medentur.

176 2899 190 2946 1
211 2893 324 2948 arbores
346 2908 371 2961 9.
400 2893 445 2946 bic
462 2893 563 2961 incipit
581 2892 611 2946 d:
639 2890 761 2946 Ardores
783 2888 906 2944 febrium
930 2905 964 2944 ex
982 2904 1030 2944 ore
1049 2902 1122 2942 com·

103 2971 200 3033 pressa,
217 2967 246 3018 et
265 2981 285 3017 a.
305 2980 342 3016 m.
365 2965 369 3030 Ι
395 2961 537 3032 extinguit
553 2963 674 3032 po(rb):
702 2977 753 3018 om.
772 2962 807 3017 ld
824 2961 881 3031 (aed
899 2978 934 3016 ex
951 2961 1031 3016 babet
1048 2960 1087 3028 d).

104 3041 120 3088 2
140 3041 299 3104 compressa
318 3034 358 3089 ld.
382 3037 387 3103 Ι
411 3033 526 3104 mitigat
543 3034 656 3105 pl(rb):
681 3034 764 3104 -ganl
780 3049 806 3090 o.
870 3038 886 3087 3
906 3033 1121 3102 sumptum...

105 3105 246 3175 eriffl't...
261 3104 387 3170 obsistit,
412 3105 509 3160 tritum
583 3103 746 3174 impositum
818 3103 927 3174 petitur
944 3102 982 3158 rb
1001 3102 1124 3171 (sumpta

104 3175 435 3248 ...erigit...obsistit
452 3191 486 3232 cac
504 3192 573 3230 corr.
588 3176 755 3245 pro-tunt
772 3176 855 3230 dium
868 3176 906 3244 d).
932 3176 938 3244 Ι
962 3171 1124 3228 obsistenti

102 3253 128 3304 ei
146 3253 210 3303 ante
228 3263 298 3304 corr.
317 3248 344 3302 d.
408 3253 425 3302 a
445 3263 575 3318 superare
595 3249 706 3317 (supere
725 3247 768 3316 ld)
786 3247 848 3302 old,
913 3251 928 3300 t
948 3261 1018 3314 xyro
1037 3243 1123 3312 colly-

8 3327 9 3348 ¹
103 3319 177 3374 mum
194 3335 226 3390 ς,
244 3319 306 3374 xiro
326 3317 437 3374 colliriir
455 3334 485 3384 e,
503 3317 643 3388 xyro(xiro
658 3317 831 3386 d)collirium
849 3319 884 3373 td
902 3312 1123 3386 (xitocollyrium

102 3392 158 3459 rb).
245 3391 287 3445 att.
315 3388 542 3460 hypomelidibus
570 3389 712 3460 (Martini.
732 3406 776 3459 ap.
798 3389 910 3444 Polluci.
935 3392 1023 3454 13,1,4
1050 3385 1124 3438 amdc

103 3463 173 3519 Ieid.
200 3464 330 3532 17‚7‚1a):
359 3459 561 3530 spomeh‘dibus
584 3460 642 3530 pld
656 3460 736 3529 (rb),
764 3459 927 3531 apomelidis
949 3474 974 3512 o.
1007 3455 1041 3522 cf.
1062 3449 1123 3508 ἐπι-

103 3535 218 3602 μηλίδες
239 3533 332 3588 Dione.
353 3531 417 3590 Gal.
486 3538 502 3586 8
522 3530 692 3586 dioscorides
711 3532 737 3588 d.
764 3533 768 3601 1
793 3531 924 3587 adfirmet
940 3544 987 3599 uo.
1058 3533 1074 3582 9
1094 3526 1124 3580 el

103 3603 230 3660 laborem
247 3604 338 3673 pald:
362 3603 400 3659 od
419 3603 544 3658 laborem
563 3603 608 3658 rb.
