2610 4040
596 266 814 330 ..40-

464 429 545 492 hunc
570 427 708 490 morbum
726 425 810 488 alunt
832 425 1000 488 sustinendi
1024 431 1115 488 crunt
1137 425 1217 486 cibis

464 508 558 580 firmis
578 525 610 578 et
631 517 802 597 glutinosis,
825 513 928 576 avibus
945 513 1120 596 pinguibus,
1143 532 1216 593 ope·

464 607 549 668 ribus
577 606 710 684 pistoriis
736 605 805 684 plus
833 621 928 683 acquo
943 602 1088 683 mellitis,
1120 610 1217 682 prout

463 697 615 775 patientur
638 693 802 754 facultates.

349 795 437 857 copo.
530 776 688 842 Vomicam'
703 789 787 842 sanat
808 781 946 861 privatim
967 779 998 840 id
1016 778 1075 839 mal
1096 781 1129 838 in
1152 791 1245 857 quoa
1299 829 1300 854 ,

240 947 242 951 .
376 876 392 910 *
465 874 525 932 sint
547 888 618 950 apes
640 869 821 930 demortuae.
858 867 894 929 ad
917 867 997 928 huno
1016 874 1116 928 autom
1134 883 1214 926 mor·
1299 876 1300 884 ’

198 963 305 1031 (Marc.
319 978 350 1032 p.
367 962 437 1030 125.)
465 958 536 1020 bum
563 959 634 1019 lacit
661 959 772 1037 optime
799 959 881 1037 potio
908 955 996 1016 haec:
1027 973 1117 1016 ovum
1143 973 1215 1016 cru·
1299 947 1300 950 ’

465 1047 537 1108 dum
563 1048 595 1106 in
622 1063 692 1106 vaso
719 1045 868 1126 funditur,
899 1051 1040 1124 putamen
1072 1046 1138 1104 eius
1165 1062 1214 1103 re·

464 1135 566 1216 pietur
592 1129 665 1196 suco
697 1133 841 1194 marrubii
872 1140 962 1212 atque
988 1134 1021 1192 in
1051 1132 1131 1193 idem
1161 1150 1215 1192 ras

465 1226 605 1306 coicitur,
634 1226 707 1284 ite'm
739 1221 872 1303 repletur
904 1219 990 1294 mella
1018 1227 1049 1281 et
1075 1219 1215 1280 similiter
1231 1233 1260 1273 ιο

464 1312 507 1373 ibi
534 1313 673 1392 adicitur,
710 1319 741 1373 et
771 1313 813 1371 ita
838 1311 985 1390 permixta
1012 1307 1213 1387 calefactaque

465 1400 501 1460 ad
524 1408 660 1480 teporem
682 1399 755 1461 haec
773 1399 878 1460 hausta
897 1399 1041 1458 vomicam
1058 1405 1214 1478 rumpunt,

465 1495 607 1567 purgant,
630 1488 667 1548 ad
690 1490 846 1549 sanitatem
867 1486 1046 1566 perducunt.
1300 1477 1301 1560 3

532 1575 617 1636 Multi
639 1575 746 1636 medici
769 1594 802 1636 se
826 1575 957 1636 medicos
975 1575 1133 1635 adversum
1154 1572 1214 1633 hoc
1300 1573 1301 1632 ἰ

464 1663 575 1724 malum
597 1682 657 1724 non
679 1665 843 1724 inveniunt.
880 1681 935 1743 ego
955 1671 1037 1724 certe
1056 1664 1118 1722 scio
1141 1679 1216 1722 raro
1231 1675 1261 1716 1⁵
1300 1683 1301 1686 ¹

465 1769 643 1832 quemquam
662 1751 736 1812 huic
759 1754 836 1831 pesti
864 1759 1001 1830 creptum
1024 1753 1076 1829 qni
1098 1767 1130 1810 se
1152 1749 1214 1810 illis

464 1839 649 1901 credidisset.
680 1858 785 1901 verum
803 1842 843 1900 ita
858 1841 973 1900 namatio
991 1841 1057 1900 eius
1074 1837 1215 1917 expedita

464 1935 510 1990 est
545 1935 581 1990 nt
617 1930 706 1990 ctiam
737 1927 835 1989 hieme
871 1929 1034 2006 asperrima
1070 1925 1214 2005 explicari

462 2017 645 2097 possitintra
655 2015 734 2076 diem
749 2016 1015 2096 quadragesimum,
1029 2033 1099 2076 vere
1112 2021 1214 2074 autem

462 2104 509 2166 vel
532 2111 642 2166 aestate
661 2103 798 2164 breviore
818 2112 961 2183 tempore.
999 2103 1089 2182 aliqui
1111 2110 1214 2164 umen
1230 2118 1262 2158 ao

375 2197 391 2230 *
463 2193 559 2268 curati
581 2199 651 2253 sunt
673 2193 752 2252 intra
777 2192 967 2272 praefinitum
990 2199 1108 2271 tempus
1131 2209 1213 2251 com·

268 2281 373 2349 (Marc.
387 2282 435 2350 ic.)
462 2281 610 2358 positione
635 2297 669 2340 ca
697 2297 772 2359 quac
799 2281 878 2341 inira
904 2282 1015 2360 scripta
1038 2288 1097 2344 est:
1129 2297 1213 2340 man-

463 2367 606 2448 dragorae
623 2366 794 2448 hyoscyami
812 2369 872 2448 opii
893 2371 970 2430 turis
989 2370 1070 2431 croci
1092 2366 1215 2449 pondus

1301 2459 1302 2502 l

267 2682 281 2730 1
301 2679 384 2733 munt
400 2678 453 2761 qta
471 2679 538 2734 sunt
554 2679 581 2734 d.
649 2679 788 2734 saccant
803 2694 830 2748 q.
855 2680 859 2747 Ι
883 2677 915 2734 id
931 2677 990 2734 mal
1007 2679 1040 2734 d:
1057 2677 1132 2734 idest
1149 2679 1216 2748 (cic)

194 2747 251 2802 mel
268 2762 295 2816 g.
367 2754 421 2831 qu.
440 2767 466 2819 q.
486 2749 631 2831 demortua
653 2765 722 2832 apos
741 2750 807 2804 snut
824 2750 851 2804 d.
923 2755 940 2804 8
959 2764 1026 2805 vaso
1043 2765 1074 2818 με
1096 2765 1164 2806 raso
1182 2751 1213 2806 d.

230 2821 246 2871 9
265 2833 387 2872 munau
403 2835 434 2888 9:
452 2820 573 2876 marubii
590 2821 617 2876 d.
641 2821 645 2889 Ι
669 2837 699 2874 ιιι
717 2819 794 2874 idem
811 2835 861 2875 vas
880 2817 998 2876 coicitur
1014 2835 1046 2888 ga
1063 2819 1093 2874 in
1110 2819 1215 2876 eodem

194 2902 261 2942 vase
280 2887 417 2944 conicitur
434 2889 462 2943 d.
513 2895 544 2944 11
564 2890 718 2960 permixtus
737 2889 945 2960 ealefactnsque
964 2889 1167 2960 (calfactusqne
1180 2892 1214 2959 d)

193 2958 237 3026 gd
255 2957 301 3025 (cf.
321 2958 413 3014 Marc.
427 2975 459 3027 p.
480 2965 543 3014 125:
563 2959 658 3016 omnia
675 2960 745 3016 haec
763 2959 794 3016 in
812 2977 841 3016 se
858 2960 1062 3031 permiscentur
1079 2977 1113 3016 ac
1130 2961 1213 3032 tepo—

193 3027 270 3111 facta
287 3028 467 3097 muamus,
485 3029 558 3086 miro
574 3031 659 3087 modo
677 3032 801 3087 vomicas
819 3033 1038 3103 comportata).
1098 3037 1131 3088 17
1151 3049 1214 3088 cre·

193 3097 329 3181 dqdrssent
350 3099 377 3154 d.
403 3100 408 3168 Ι
436 3099 542 3156 Verum
564 3102 671 3158 curatio
694 3102 754 3158 eius
777 3102 820 3158 ita
841 3117 904 3173 exp.
922 3119 946 3158 a.
970 3103 997 3158 d.
1077 3107 1111 3157 12
1133 3101 1217 3160 intra

196 3168 256 3253 drea
275 3189 325 3226 nm.
344 3171 371 3225 d.
396 3240 402 3252 ·
433 3175 468 3227 20
486 3170 575 3241 aliqui
592 3173 689 3230 muron
701 3191 729 3228 r:
748 3173 867 3244 Aliquot
884 3173 1114 3244 (Mummiam
1126 3189 1215 3242 prce

192 3251 277 3321 mosao
302 3256 333 3311 9,
365 3240 474 3310 aliquot
499 3244 559 3300 aiae
580 3243 679 3314 interp.
703 3245 732 3314 d)
764 3261 783 3299 a
808 3260 854 3299 me
880 3245 930 3313 qd.
1002 3250 1036 3299 21
1060 3243 1136 3300 intra
1158 3244 1215 3300 rt:

195 3309 270 3366 unfra
282 3311 332 3395 qd,
405 3317 440 3367 22
458 3312 660 3384 Mandragorae
678 3315 788 3384 pondus
805 3313 914 3371 denarii
941 3316 971 3384 (c
987 3331 1041 3385 quo
1062 3314 1164 3384 incipit
1180 3319 1215 3386 g)

189 3386 255 3465 poet
276 3384 347 3438 torris
365 3401 394 3453 p.
413 3383 440 3441 d.
458 3385 545 3451 infert
566 3385 594 3442 d.
625 3391 741 3442 mierum
757 3391 824 3455 post
844 3387 971 3456 ungulus
991 3386 1091 3455 specim
1117 3387 1216 3454 (qain-

192 3468 268 3521 quaec
280 3454 379 3523 initur)
387 3455 430 3524 qd
442 3455 552 3512 eccm
565 3461 741 3539 repetantque
749 3457 832 3512 ambe
844 3457 955 3526 pondus
968 3456 1077 3511 denarii
1090 3457 1160 3526 (dein
1170 3458 1218 3526 d),

192 3539 263 3592 quoe
275 3525 424 3580 mactando
437 3541 491 3582 esca
508 3527 584 3582 dccet
596 3543 620 3581 c.
636 3533 671 3582 20
685 3527 860 3596 smgulornm
873 3528 931 3595 (aad
944 3528 979 3594 of.
990 3528 1082 3582 Mare.
1093 3544 1124 3596 p.
1135 3530 1216 3598 lac).

230 3598 263 3648 23
283 3594 354 3664 opii:
373 3597 541 3666 opopanacis
562 3597 654 3653 Marc.
674 3598 733 3666 (qui
747 3602 891 3667 praetuta
908 3597 989 3654 accit
1005 3597 1135 3668 myrrae).
