2610 4040
500 236 718 300 -27-

102 400 225 478 ponitur
249 399 405 459 adversum
433 397 574 459 dolorem.
611 398 742 476 caprifici
765 398 847 458 radix
876 401 926 470 (ib.
937 405 997 454 127.
1010 401 1113 467 ofilto)
1174 455 1180 465 ,

101 506 158 567 per
180 505 293 562 messes
317 487 471 568 inciditur,
495 494 525 547 et
543 487 615 548 haec
629 488 725 549 mittit
743 504 848 547 sucum

102 578 289 655 aptissimum
303 574 406 637 dolori.
442 574 567 636 nucleus
589 574 680 654 gallae
700 567 846 636 comman-
875 585 962 648 2430.

102 664 228 725 ducatus
251 663 347 724 dolori
364 665 509 726 medetur.
545 663 647 724 taedae
668 665 793 742 pingues
816 666 847 724 in
875 674 962 738 24,41.

74 752 214 813 castulus
237 754 435 814 conciduntur
458 754 541 813 etin
564 760 648 813 aceto
668 759 847 832 coquuntur,
944 807 947 814 .

102 841 193 919 idque
216 849 333 902 acetum
355 843 386 901 in
416 859 467 902 ore
499 842 677 902 continetur.
714 858 789 919 aqua
816 842 848 900 in
875 849 962 912 itai.

103 947 161 1007 qua
175 928 317 990 lentiscus
332 930 473 991 decoctus
487 936 533 990 est
547 928 670 991 mobiles
684 929 848 989 confirmat.

101 1016 247 1078 ruborum
265 1019 297 1079 in
314 1019 422 1097 quibus
436 1035 519 1078 mora
533 1025 696 1078 nascuntur
716 1018 848 1096 pampini
875 1025 979 1088 inite.

102 1106 311 1184 decoquuntur
333 1109 365 1166 in
383 1109 450 1166 vino
469 1113 588 1167 austero
610 1113 640 1166 et
658 1105 846 1166 commandu-

62 1202 209 1255 locantur
233 1195 388 1256 adversum
407 1194 613 1273 mobilitatem,
637 1194 726 1272 idque
745 1195 847 1253 vinum

101 1286 133 1352 in
148 1301 200 1342 ore
214 1289 343 1344 tenetur.
368 1283 551 1344 millefolium
570 1284 600 1342 in
620 1281 720 1341 dolore
734 1281 846 1342 mandi·
874 1289 979 1353 anton.

101 1379 152 1433 tur
183 1373 346 1450 tritumque
379 1371 512 1434 maxillae
544 1372 716 1449 imponitur.
764 1370 847 1429 radix
875 1379 978 1442 nonos.

101 1460 270 1540 hyoscyami
292 1480 328 1521 ex
351 1469 434 1521 aceto
450 1459 740 1520 commanducatur(
765 1457 846 1537 plan·
909 1459 946 1514 ib.

101 1550 209 1627 faginis
231 1548 315 1609 radix
338 1549 487 1610 manditur
510 1556 540 1608 et
562 1547 696 1613 eiusdem
720 1565 792 1607 suco
814 1549 847 1606 in

62 1648 87 1689 1⁵
101 1644 185 1697 aceto
204 1636 343 1699 decoctae
364 1638 510 1716 tepefacto
529 1637 634 1697 dentes
656 1635 847 1696 conluantur.

101 1725 338 1804 quinquefolium
360 1728 469 1804 inquo
493 1725 573 1804 fraga
590 1731 755 1784 nascuntur
775 1723 846 1784 elui·
875 1732 980 1795 tasso.

100 1820 151 1874 tur
175 1821 258 1874 aceto
281 1816 342 1873 sive
366 1832 440 1892 aqua
463 1816 588 1892 marina,
616 1811 722 1872 deinde
746 1813 845 1890 coqui·

100 1909 152 1962 tur
176 1901 212 1962 ad
240 1904 343 1962 tertias
366 1921 402 1962 ex
429 1903 498 1962 vino
517 1909 551 1962 'et
574 1908 671 1979 aceto,
698 1900 788 1978 idque
815 1902 847 1960 in

99 2008 153 2050 ore
173 1991 225 2050 diu
248 1992 424 2052 continetur.
462 1987 581 2070 qnidam
603 1988 717 2049 malunt
745 1990 845 2066 cinere
909 1989 946 2042 ib.

58 2093 84 2132 2⁰
99 2081 168 2140 eins
195 2078 300 2138 dentes
321 2079 438 2139 fricare.
490 2079 602 2158 hysopo
631 2077 752 2137 utiliter·
778 2095 845 2136 oon·
909 2077 946 2133 ib.

99 2167 235 2228 luuntur.
272 2169 350 2227 cavis
380 2167 519 2228 dentibus
548 2168 623 2227 einis
646 2167 757 2226 murini
786 2165 846 2224 fimi
874 2174 961 2237 3032.

96 2256 223 2316 inditur.
258 2273 374 2316 vermes
397 2258 510 2316 terreni
536 2255 652 2315 decocti
674 2257 705 2314 in
728 2253 793 2314 oleo
817 2260 847 2313 et
874 2263 961 2326 30‚23.

98 2345 167 2404 triti
186 2343 386 2405 infunduntur
405 2343 553 2404 auriculae
574 2343 610 2402 ab
630 2361 663 2403 ea
685 2350 770 2422 parte
789 2360 848 2420 qua

100 2433 207 2492 dentes
239 2431 346 2493 dolent.
393 2432 556 2493 eorundem
589 2433 735 2492 vermium
772 2432 847 2490 cinis

57 2533 84 2574 25
100 2522 199 2580 exesis
223 2519 361 2581 dentibus
380 2523 532 2582 coniectus
552 2527 582 2580 et
600 2537 668 2579 cera
692 2517 847 2578 obturatus

99 2607 240 2687 perfacile
264 2626 316 2668 eos
339 2609 443 2670 cadere
473 2610 559 2686 cogit.
595 2606 674 2668 idern
702 2607 848 2666 vermium
909 2605 946 2659 ib.

100 2698 177 2756 cinis
199 2696 302 2758 inlitus
325 2695 493 2758 dolentibus
515 2698 609 2756 iuvat:
639 2693 775 2754 comburi
798 2692 847 2752 de-

173 2943 187 2991 1
199 2935 323 3006 caprifici
333 2936 473 3007 (caprofici
480 2939 522 3006 q):
536 2935 698 2990 immemori
708 2935 765 3002 (Pl.
776 2933 892 3002 talto).
929 2929 1061 2986 bassulae
1069 2930 1115 2983 Pl.

137 3008 303 3078 9austeriq.
341 3014 374 3063 10
393 3007 539 3062 advorsum
557 3023 587 3076 q:
607 3024 664 3060 -sns
683 3007 709 3062 d.
752 3010 785 3058 13
805 3003 919 3058 osciumi
933 3003 982 3072 qd.
1020 3001 1114 3055 15de-

100 3073 199 3135 coelae
213 3078 293 3148 (Pl.):
312 3077 394 3151 docte
413 3080 473 3148 (eie)
487 3095 518 3147 q,
537 3077 653 3131 decocto
672 3077 698 3132 d.
750 3080 784 3130 18
798 3074 834 3129 ad
847 3091 877 3144 q:
896 3089 984 3146 usqne
1002 3072 1038 3126 cd
1052 3073 1078 3126 d.

101 3158 135 3206 19
164 3167 201 3204 tn.
225 3148 285 3204 eins
315 3149 407 3205 cinere
439 3149 466 3204 d.
564 3154 597 3201 22
626 3165 651 3201 v.
675 3149 696 3202 b.
724 3145 754 3200 id
786 3147 828 3200 est
858 3142 990 3199 lumbrici
1023 3143 1115 3197 Mare.

94 3239 127 3291 p.
153 3227 186 3275 93
209 3221 261 3287 inf.
325 3227 361 3276 24
389 3239 415 3289 q.
440 3219 537 3274 dolent
555 3217 653 3273 dentes
671 3219 697 3272 d.
763 3221 796 3270 25
816 3215 957 3270 coniectus
986 3213 1115 3280 (insertus

102 3293 219 3360 Mareia
257 3293 291 3359 cf.
321 3291 411 3361 sititq.
440 3291 478 3344 ad
501 3290 547 3343 Pt.
575 3289 687 3357 (colutis
712 3288 781 3342 mola
807 3303 859 3342 aar.
878 3285 951 3355 Jco,
981 3283 1115 3352 collectus

99 3364 171 3419 male
193 3363 278 3430 Dect,
306 3361 416 3417 iniectis
439 3364 473 3484 q).
499 3362 557 3428 lei
575 3359 807 3436 ceraobcurabus
824 3374 842 3427 9
861 3358 936 3424 (baec
958 3370 1015 3414 non
1036 3354 1116 3434 babet

99 3439 191 3489 texum
211 3435 280 3501 Pl),
304 3435 334 3488 ab
352 3449 416 3487 cera
433 3448 450 3486 o
470 3432 624 3498 terefora,
649 3433 679 3485 et
701 3428 817 3484 caeteris
836 3444 918 3484 caera
935 3426 1072 3506 obturetis
1090 3439 1113 3488 r,

99 3507 131 3560 ei
150 3520 215 3560 cera
232 3506 346 3572 opertus
366 3503 458 3558 More.
478 3503 512 3568 cf.
534 3502 579 3557 Pt.
594 3507 698 3568 mot.
762 3505 795 3553 27
815 3498 912 3553 inlitus
933 3497 990 3548 Pl:
1008 3493 1114 3548 indibus

97 3576 141 3646 qd
159 3578 205 3644 (r).
226 3577 231 3647 Ι
255 3574 481 3643 dolentibusque
505 3571 647 3627 doloribus
665 3571 692 3626 d.
