2620 4030
587 247 830 313 -112-

469 411 603 494 pastillos
624 410 767 493 ponderis
785 410 946 488 victoriati,
968 405 1075 468 deinde
1098 409 1130 468 in
1149 423 1217 467 raso

469 504 564 563 vitreo
600 507 763 582 ponuntur.
814 515 883 567 oum
915 495 1019 559 utendi
1055 497 1216 557 necessitas
1286 541 1289 548 .

469 592 565 672 venit,
588 589 698 669 singuli
719 585 828 668 pastilli
851 587 960 648 dantur
983 603 1020 646 ex
1042 587 1110 646 vino
1134 586 1215 646 mixti

470 679 583 759 cyathis
605 678 710 740 tribus.

335 779 441 844 talos.
537 766 672 828 Hominis
703 768 817 828 morsui
845 783 950 826 canes
982 763 1124 846 bubulae,
1155 764 1244 823 elli-⁵

363 909 365 914 ,
408 907 411 914 ,
470 857 571 918 caelus
593 855 678 918 vituli
699 858 894 935 imponuntur
922 871 1019 933 neque
1047 851 1217 914 antediem

354 955 443 1020 28,40.
470 947 608 1026 quintum
649 943 813 1007 solvuntur.
862 942 967 1004 sordes
1004 959 1041 1002 er
1081 941 1217 1002 humanis
1276 953 1280 958 ·

470 1033 593 1096 auribus
614 1033 783 1095 inlinuntur
805 1031 916 1112 plagae.

446 1189 451 1194 1
537 1233 728 1292 xmm.
752 1233 880 1291 eontra
902 1225 1066 1310 aspidem.

354 1365 443 1430 aest.
537 1354 686 1416 Adversus
696 1354 806 1434 aspidis
820 1372 954 1415 morsum
962 1371 1056 1416 unum
1070 1352 1220 1432 refugium

470 1442 618 1504 habehant
635 1447 752 1524 priores
771 1451 805 1504 ut
821 1460 984 1522 percussus
999 1444 1116 1504 urinam
1134 1457 1221 1502 suam
1235 1463 1258 1502 ιι

409 1557 411 1564 ⁴
470 1530 595 1594 biberet.
631 1533 709 1592 intra
727 1550 839 1612 paucos
856 1549 956 1603 annos¹
970 1549 1042 1592 casu
1064 1523 1221 1592 inventum

355 1631 442 1696 taos.
471 1628 517 1681 est
544 1628 575 1681 et
602 1619 729 1682 alterum
756 1619 930 1682 remedium.
967 1637 1094 1699 namque
1117 1621 1143 1680 is
1168 1621 1221 1698 qui

471 1717 570 1772 utrem
596 1709 719 1789 plenum
744 1712 823 1772 aceti
849 1708 964 1771 larebat
992 1725 1155 1788 percussus
1183 1707 1220 1768 ab

470 1797 571 1879 aspide
595 1797 727 1860 dolorem
750 1817 810 1860 non
834 1800 939 1879 sensit,
962 1796 1057 1858 donec
1080 1797 1221 1876 fatigatus

470 1887 679 1968 requiescendi
709 1879 813 1968 gratia
835 1894 935 1948 utrem
963 1886 1112 1966 deposuit.
1160 1905 1221 1967 quo
1236 1913 1259 1954 15

470 1977 549 2040 laeto
575 1978 740 2058 perniciem
767 1977 880 2038 sentire
908 1978 1020 2058 coepit,
1051 1994 1221 2056 rursusque

470 2068 609 2145 imposito
638 2064 696 2126 sibi
723 2073 790 2127 utre
823 2063 920 2126 desiit.
960 2064 1147 2127 intellectum
1175 2075 1223 2126 est

471 2153 612 2234 quodsi
648 2162 765 2216 acetum
801 2151 944 2236 bibisset,
975 2162 1078 2233 posset
1113 2157 1222 2216 sanari,

471 2261 508 2318 er
531 2261 566 2303 eo
591 2245 793 2322 experimento
822 2243 934 2305 lactum
956 2250 1002 2304 est
1023 2241 1120 2324 palam
1143 2243 1222 2306 hane

356 2341 442 2407 ispo.
470 2333 622 2411 potionem
636 2349 701 2393 esse
717 2331 959 2394 efficacissimam.
987 2332 1013 2392 si
1026 2339 1126 2394 autem
1140 2350 1222 2394 mor·
1237 2360 1262 2400 ιι

471 2438 538 2483 sum
563 2419 673 2502 aspidis
697 2429 818 2482 secutus
842 2428 888 2482 est
911 2422 1045 2503 sanguis,
1078 2421 1160 2483 nulla
1184 2421 1223 2482 de

471 2527 506 2570 eo
530 2510 582 2588 qui
604 2527 766 2589 percussus
790 2516 837 2570 est
859 2527 928 2589 spes
951 2517 1098 2589 superest.
1302 2515 1303 2562 l

275 2759 290 2808 1
315 2753 451 2823 pastellos
474 2753 517 2822 pd
524 2769 547 2808 ι·
573 2754 578 2822 Ι
607 2750 739 2836 ponderis
765 2752 838 2823 prb.
864 2750 1049 2835 ροιιᾱιισΜ
1074 2749 1226 2808 victoriati

225 2825 412 2893 dirwy.
439 2823 579 2879 venado
633 2821 789 2906 tvenitp·
812 2821 1013 2891 reneritdbff
1088 2821 1225 2892 tellipcl

201 2841 370 2966 fridogisi:
396 2893 609 2963 oinirblPl.)
669 2892 883 2949 tdiemfflvd
943 2823 1225 2964 isoidiifl-plagae

202 2893 625 3022 om.d.ai11iniuntur).o
688 2970 721 3020 10
748 2964 893 3040 habebant
913 2965 986 3036 prb·
1013 2909 1225 3025 habentesd.l

155 3121 159 3126 .
203 3035 323 3118 priorosr
341 3034 430 3100 Varro
451 3035 497 3092 Pl.
561 3039 593 3090 11
612 3035 689 3092 inira
705 3051 810 3112 pausos
827 3035 915 3092 andos
929 3051 1067 3106 =nuper
1087 3035 1166 3091 Plias
1301 3055 1302 3127 ι

204 3105 934 3263 tttlltttltttt&distillatio
944 3106 1100 3249 ittet
1111 3106 1227 3248 iii-¹?-

202 3247 303 3305 salutis
322 3251 365 3306 est
352 3249 428 3305 t.rb
453 3252 458 3319 Ι
482 3249 606 3321 Explicit
623 3248 812 3308 libertorum
829 3265 855 3322 9

551 3501 871 3512 Ἢ*
