2610 4040
485 249 705 315 ..55-

85 414 277 494 decoquitur,
307 412 414 474 deinde
443 430 533 473 sucus
562 416 626 474 eius
658 415 835 493 exprimitur

85 510 115 566 et
138 504 223 583 potui
243 503 344 564 detur:
368 519 437 562 curn
456 509 541 562 eruta
559 509 607 564 est
624 502 705 563 inula
723 509 835 564 terram

83 610 147 653 non
166 590 255 652 debet
276 599 407 670 tangere.
444 590 536 650 alium
557 592 589 651 in
616 591 759 671 oxymelle
783 590 833 652 de·
862 602 949 665 topi.

83 688 204 740 coctum
223 679 390 741 devoratur.
427 679 513 740 betae
532 679 673 742 candidae
693 681 832 756 decoctae
861 691 948 755 rope.

56 766 266 831 uderorant'ur
294 786 362 829 cum
390 767 446 828 alio
474 769 576 829 crude.
614 787 689 848 aqua
715 771 747 829 in
775 787 833 848 qua

82 856 179 937 lupini
202 859 337 919 coxerint
360 857 458 918 addita
485 865 552 918 ruta
575 865 605 918 et
630 859 734 938 pipere
758 856 832 918 bibi-

82 954 144 1008 tur.
171 945 255 1007 bulbi
273 963 368 1025 genus
381 954 428 1007 est
446 945 540 1028 scilla,
563 965 600 1006 ex
614 964 673 1025 quo
691 945 834 1027 pusillum
861 956 966 1021 tutto.

83 1036 191 1096 tritum
214 1053 283 1096 cnm
306 1033 450 1115 oxymelle
469 1033 590 1096 bibitur.
618 1035 729 1096 malum
746 1037 832 1115 puni·
861 1046 966 1110 tenue.
990 1038 994 1046 ‘

84 1141 156 1184 cum
178 1131 280 1185 tusum
298 1123 455 1186 decoctum
474 1142 510 1185 en
529 1122 626 1184 tribus
649 1123 778 1184 heminis
797 1123 833 1184 ud

44 1228 69 1266 ro
82 1211 234 1272 heminam
260 1213 348 1273 tinias
376 1214 446 1274 eicit
476 1220 559 1292 potu.
600 1213 677 1272 acini
704 1212 831 1272 hederae
860 1223 948 1285 24‚77.

85 1299 172 1360 olboe
204 1303 323 1362 contriti
354 1308 417 1363 tres
453 1320 489 1362 en
516 1299 660 1381 oxymelle
691 1308 832 1380 prosunt:

80 1391 116 1450 in
149 1387 203 1450 hcc
235 1391 388 1451 curatione
420 1391 559 1451 convenit
590 1397 621 1451 et
652 1389 749 1450 ventri
781 1406 833 1450 eos

82 1476 188 1540 eadem
209 1480 323 1542 ratione
346 1467 440 1540 inlini

149 1661 243 1718 xm.
266 1660 371 1719 Lieni.

148 1777 235 1840 Lieni
257 1782 318 1841 sive
338 1779 433 1860 spleni
453 1780 532 1841 solen
550 1782 641 1860 piscis
659 1781 831 1859 imponitur.
859 1791 964 1853 culon.

43 1881 66 1922 1⁵
80 1868 163 1929 idem
175 1876 307 1948 praestet
321 1869 425 1930 eodem
439 1869 526 1930 modo
541 1869 675 1948 torpedo.
708 1867 832 1929 rombus
894 1871 931 1925 cb.

82 1975 153 2019 cum
168 1964 214 2018 ost
233 1959 389 2037 impositus
411 1960 495 2018 rivus
513 1960 546 2020 in
559 1976 640 2018 mare
660 1957 831 2019 remittitur.

79 2065 158 2125 aqua
172 2044 284 2107 bibitur
297 2048 329 2106 in
344 2045 512 2125 quabolera
529 2045 653 2108 decocta
663 2047 723 2106 sint
733 2043 832 2104 addito
904 2047 919 2081 *
962 2061 966 2068 ’

9 2221 10 2224 ¹
78 2133 150 2195 sale.
180 2137 244 2195 eius
263 2137 315 2214 qui
334 2135 455 2196 cottidie
475 2137 594 2196 ieirmus
613 2153 718 2196 ervum
737 2131 833 2194 ederit
860 2141 964 2208 turbt.

157 2330 171 2378 1
191 2323 292 2379 deinde
305 2325 344 2394 pb
364 2324 468 2392 (More.
478 2341 509 2393 p.
525 2327 600 2395 200):
620 2323 753 2379 dimidius
772 2323 800 2378 d.
829 2346 832 2350 ·
850 2320 966 2376 tdebet
981 2321 1098 2391 tongere

78 2395 166 2466 p(b):
185 2396 286 2465 tangat
299 2397 325 2450 d.
346 2397 351 2464 Ι
375 2394 406 2448 in
420 2394 576 2465 oximellip
595 2395 701 2463 (melle
719 2395 782 2464 db)
801 2391 832 2446 in
849 2393 929 2447 aceto
947 2391 1039 2446 mnleo
1054 2392 1100 2448 Pl.

117 2464 261 2521 ebibitur
277 2467 329 2536 pb:
348 2482 399 2520 om.
418 2467 445 2521 d.
514 2465 626 2520 'tBnlli
642 2483 661 2535 p
679 2464 774 2534 (Bulbi
790 2473 823 2535 9⁶
847 2465 919 2533 rec).
945 2465 949 2530 Ι
974 2461 1099 2516 bnlbi-

78 2539 120 2606 (8)
139 2536 271 2593 oximelle
284 2553 335 2593 oro.
354 2539 378 2593 b.
405 2540 409 2606 Ι
434 2554 490 2607 quo
507 2555 537 2607 p:
557 2553 613 2606 quo
630 2538 657 2592 d.
713 2543 729 2591 8
748 2553 812 2592 cum
836 2533 966 2589 oximelle
984 2534 1039 2602 pd:
1064 2549 1097 2587 ex

78 2609 162 2664 aceto
180 2610 210 2662 et
226 2608 311 2664 melle
326 2609 372 2663 Pl.
422 2615 437 2662 9
458 2608 598 2663 extribus
616 2608 737 2663 heminis
751 2607 788 2661 nd
804 2603 948 2660 heminam
961 2605 1001 2672 pb
1014 2604 1098 2673 (Pl.):

78 2696 122 2734 ex.
142 2699 195 2734 1111.
215 2685 296 2734 cimns
319 2680 380 2750 (cic)
399 2679 436 2734 od
454 2678 576 2734 ominem
594 2681 621 2735 d.
695 2684 728 2733 10
751 2677 836 2732 tinias
858 2690 888 2745 p:
916 2673 1007 2729 tineae
1025 2675 1095 2745 db.)

78 2751 180 2820 potum
201 2766 228 2818 p.
314 2755 346 2804 11
371 2749 485 2806 contriti
506 2752 564 2805 tres
586 2766 621 2818 ex
643 2748 769 2804 oximelli
795 2747 845 2817 (de
863 2746 890 2815 b)
908 2747 947 2816 pb
966 2744 1049 2815 (terni
1067 2745 1098 2800 in

79 2823 162 2876 coeto
180 2820 272 2876 mulso
291 2822 362 2891 Pl.):
378 2821 441 2875 triti
458 2820 488 2874 in
551 2823 581 2876 et
598 2820 728 2876 oximelle
754 2820 803 2888 (cic
821 2834 883 2874 ouon
905 2818 977 2887 albo)
996 2818 1029 2887 d,
1047 2817 1098 2874 ubi

78 2892 110 2948 in
128 2895 168 2948 eol
181 2908 236 2961 pro
254 2913 287 2948 111
305 2897 331 2946 et
348 2893 441 2948 mum
458 2909 492 2946 ec
510 2890 826 2961 mciecturacorcpton'e
842 2889 968 2945 relicuom
980 2893 1098 2959 propter

78 2964 151 3020 idem
169 2962 200 3018 in
219 2963 264 3032 (cf.
284 2963 376 3020 More.
391 2981 422 3033 p.
442 2969 495 3018 200
512 2965 570 3018 tres
589 2961 703 3018 contriti
721 2963 752 3018 in
770 2960 939 3032 oxymelite).
1004 2966 1036 3016 12
1056 2959 1097 3014 in-

78 3032 132 3090 lini
157 3050 190 3104 p:
222 3032 322 3089 illiniri
344 3036 360 3091 b
388 3035 428 3104 (et
454 3034 546 3091 ventri
575 3033 735 3088 illiniontnr
757 3050 805 3089 eos
828 3048 851 3088 e.
875 3031 988 3090 racione
1016 3032 1054 3102 d).

79 3107 122 3160 tit.
139 3104 224 3162 Lieni
243 3108 272 3160 et
289 3105 380 3176 spleni
397 3121 427 3175 p,
455 3105 500 3161 Ad
518 3103 687 3176 spleneticos
705 3105 731 3160 d.
755 3105 814 3173 (boc
831 3103 915 3159 diam
933 3119 993 3172 cap.
1012 3107 1100 3160 murm

78 3192 130 3232 om.
154 3178 191 3246 r).
264 3181 299 3231 14
321 3175 403 3232 Lieni
425 3175 484 3232 cive
508 3176 600 3247 spleni
628 3177 670 3246 (ut
686 3176 719 3230 in
741 3176 800 3232 iud.
819 3175 871 3244 tu.)
890 3189 920 3244 9:
944 3190 995 3229 orn.
1018 3175 1045 3230 d.

80 3252 114 3302 15
131 3247 234 3318 pfetd
252 3248 299 3316 (=
328 3249 462 3318 restatp).
485 3247 563 3310 Haec
580 3249 620 3304 sic
638 3247 718 3302 babet
734 3247 764 3302 b:
784 3244 894 3316 splenis
913 3241 1004 3300 dolori
1022 3244 1100 3302 colec

99 3319 166 3374 iscis
185 3320 284 3374 contre
318 3317 324 3329 '
364 3320 417 3374 tur.
446 3318 608 3390 Torpedon'r
632 3321 662 3374 et
683 3319 813 3386 briocum,
832 3315 857 3372 ni
876 3314 989 3372 vividus
1006 3332 1099 3387 unper-

93 3389 99 3401 '
139 3391 188 3445 tur
210 3388 286 3445 bone
308 3389 449 3445 medicine
471 3393 527 3459 est,
551 3390 600 3445 ced
623 3389 701 3460 prius
725 3405 811 3458 quarn
833 3387 952 3443 solvitur
969 3387 1000 3444 in
1022 3401 1099 3442 muro

78 3459 243 3516 remittitin.
268 3461 313 3530 (cs.
329 3462 422 3518 Marc.
434 3478 463 3530 p.
479 3465 550 3531 165).
576 3463 580 3531 Ι
604 3460 730 3532 torpedo.
748 3459 903 3515 rombnsd:
918 3456 1101 3527 torpedorum

78 3531 132 3588 bun
155 3547 175 3601 p
197 3532 244 3600 (cf.
267 3533 302 3602 b).
377 3538 410 3588 1o
434 3549 497 3588 enm
522 3535 564 3588 est
583 3534 630 3603 (ὓς
659 3549 723 3588 cum
741 3547 774 3586 eo
796 3531 845 3600 pd.
920 3533 952 3582 17
972 3526 1029 3582 sint
1046 3526 1100 3597 pbt

78 3604 146 3659 nunt
159 3603 187 3659 d.
235 3608 268 3659 18
284 3619 381 3664 orrum
389 3605 431 3674 qd
440 3604 521 3675 (Pl.):
540 3621 633 3662 serum
652 3605 667 3658 b
687 3604 790 3672 (serum
808 3599 954 3670 cuprinum
967 3601 1015 3654 etc.
1031 3598 1069 3654 M
1073 3600 1101 3668 l).
