2610 4040
501 234 720 300 ..53-

103 395 163 457 sale
192 392 420 477 subfervefiunt‚
453 398 496 457 sic
524 395 607 458 datae
636 399 667 457 in
695 396 762 458 cibo
786 417 851 460 coe-

101 484 247 546 liacorum
261 483 396 560 dolorem
405 485 550 547 mulcent:
564 485 715 548 abstinere
730 505 746 546 a
760 487 851 566 irugi·
882 527 883 532 κ

99 573 159 634 bus
189 575 275 654 prius
307 573 444 655 gallinam
481 582 511 635 et
546 573 697 636 hominem
724 583 851 656 oportet.

100 663 190 723 finiris
214 661 401 724 columbinus
424 671 521 725 tostus
545 671 575 724 et
597 665 686 725 tritus
713 665 850 744 dysente-
913 665 951 720 ab·

72 753 175 812 ⁵ricis
206 753 237 811 in
268 753 389 830 potione
426 753 610 832 propinatur.
655 753 787 833 palumbi
819 756 850 814 in
913 753 950 808 ib·
1026 825 1028 834 y

101 848 187 902 aceto
215 839 340 902 discocti
368 849 398 902 et
429 841 624 922 dysentericis
653 849 682 903 et
714 842 851 904 coeliacis
879 824 939 892 (⁰m·
954 826 980 894 r)

100 932 133 990 in
153 927 219 990 cibo
237 927 404 991 medentur.
432 931 635 1010 dysentericos
653 931 770 993 adiuuat
788 939 850 993 tur·
913 931 950 985 lb.

102 1019 161 1080 ders
183 1020 331 1080 inassatus
359 1022 449 1081 tritus
476 1022 508 1080 in
531 1019 598 1080 cibo
622 1029 759 1102 sumptus
783 1039 851 1082 cum
879 1003 939 1070 (Μ
953 1002 1000 1071 rb)

101 1110 193 1187 myrti
215 1106 305 1184 bacis.
341 1110 414 1169 item
440 1110 472 1168 in
495 1109 624 1172 eundem
646 1108 767 1171 modum
789 1129 851 1170 me·
878 1108 915 1162 ib.
942 1108 1001 1176 (om.
1015 1107 1064 1177 lb)

58 1210 86 1248 10
100 1196 170 1258 rula
197 1199 333 1258 sumitur.
371 1199 577 1277 gravissimum
606 1200 720 1259 ventris
746 1200 852 1260 vitium
878 1205 966 1270 30,59.

101 1286 180 1346 ileos
189 1285 364 1366 appellatum
377 1286 447 1348 huie
457 1288 571 1364 resistit
580 1286 724 1368 discerpti
732 1305 850 1367 vesper·
913 1286 951 1341 to.

104 1373 217 1435 tillonis
240 1377 361 1454 sanguis
387 1375 490 1438 inlitus
512 1376 618 1436 ventri.
656 1375 852 1456 dysentericis

102 1482 159 1525 ova
171 1463 267 1543 pridie
281 1465 312 1524 in
332 1472 416 1526 aceto
430 1473 633 1544 macerantur,
654 1483 759 1525 eorum
772 1465 852 1526 lutea
878 1472 965 1536 2994.

102 1553 255 1632 friguntur
282 1555 313 1614 in
341 1553 406 1614 oleo
437 1562 467 1615 et
495 1554 684 1626 devorantur.
730 1572 783 1614 ova
815 1573 852 1614 ex
879 1562 966 1626 auls.

58 1654 85 1694 1⁵
102 1650 189 1702 aceto
207 1651 409 1724 macerantur,
432 1662 469 1704 ex
491 1642 588 1704 biset
611 1643 705 1703 larina
723 1651 754 1704 et
776 1661 852 1722 aqua

100 1733 189 1815 panis
213 1730 350 1792 coeliacis
372 1732 414 1792 fit.
451 1731 571 1811 quidam
599 1732 702 1792 eadem
725 1749 778 1790 ova
805 1749 851 1791 re·
914 1729 951 1784 ib.

103 1819 224 1880 solvunt
252 1827 282 1880 et
308 1821 340 1880 in
366 1822 476 1900 patinis
503 1827 581 1880 tosta
613 1819 683 1880 dant
712 1821 744 1880 in
776 1819 851 1880 cibo.

102 1926 210 1969 caseus
224 1916 309 1970 yetus
321 1907 429 1972 ovillus
449 1911 480 1969 in
500 1908 566 1970 cibo
586 1909 717 1988 prodest.
750 1925 853 1967 sevum
880 1914 968 1978 3095.

102 1996 226 2058 ovillum
249 1997 406 2058 decoctum
432 1999 464 2058 in
491 1999 560 2058 rino
583 2004 703 2058 austero
730 1994 852 2056 bibitur.
915 1995 951 2049 ab.

61 2098 87 2138 ²0
103 2085 164 2146 boc
182 2092 212 2146 et
229 2085 289 2146 ilco
306 2085 452 2148 medetur.
480 2085 597 2147 cocleae
617 2085 692 2148 duae
712 2092 853 2163 teruntur
915 2083 952 2140 ib·
1068 2151 1069 2154 Ἴ

104 2192 177 2236 eum
199 2176 262 2235 suis
284 2177 370 2236 testis
389 2183 420 2236 et
442 2193 497 2236 ova
515 2175 607 2236 cruda
626 2193 663 2235 ex
684 2175 765 2256 passi
788 2191 853 2253 cya-

103 2263 167 2325 this
196 2261 327 2344 duobus‚
359 2281 451 2342 aquae
481 2263 594 2343 cyathis
622 2261 734 2345 tribus,
765 2269 854 2342 atque

103 2360 203 2413 totum
229 2353 261 2412 in
284 2370 359 2412 novo
383 2369 451 2412 vase
476 2352 651 2413 calefactum
679 2351 715 2412 ad
742 2359 853 2432 tempe·
947 2393 949 2396 -

102 2448 274 2501 ramentum
292 2442 423 2520 potionis
441 2439 562 2504 bibitur.
600 2439 855 2520 coclearumeum
882 2449 969 2514 adpo.

178 2740 193 2788 1
219 2733 249 2789 in
271 2734 334 2790 cibo
359 2733 519 2791 siliacorum
535 2751 567 2805 9,
594 2735 624 2789 in
647 2734 732 2790 eibos.
759 2733 906 2788 iliacornm
927 2731 954 2788 d.
1029 2736 1049 2806 ⁴2
1072 2731 1124 2787 ab·

104 2805 212 2862 itinere
229 2821 267 2874 pr
277 2805 360 2876 (Pl.)·:
379 2806 416 2860 -ai
429 2807 455 2862 d.
477 2811 483 2876 Ι
506 2823 523 2862 a
541 2805 680 2876 frugibus:
699 2806 739 2860 sie
753 2805 836 2860 etiam
848 2805 885 2860 rb
900 2805 943 2874 (de
956 2807 1028 2872 „acb
1039 2804 1121 2859 1991*ι

101 2882 181 2934 mat
199 2877 259 2962 br).
331 2882 348 2930 4
368 2873 473 2933 ciliacis
493 2879 522 2932 et
539 2876 721 2933 dissintericis
739 2893 755 2932 r
774 2877 809 2946 (b.
829 2875 863 2944 cf.
879 2875 944 2946 Pl).
973 2873 1122 2944 dysinteri-

102 2948 182 3018 einp
209 2949 259 3016 (eae
276 2950 397 3018 seneper).
470 2955 486 3032 t
505 2947 634 3004 coeliacis
651 2965 682 3019 p:
705 2947 798 3033 iliacis
820 2949 873 3032 d.¹
919 2953 937 3002 8
959 2963 1024 3032 cum
1038 2945 1124 3015 (Pl.)=

101 3019 1122 3174 trutbuttttttttltttdttttttttttttctt

101 3176 206 3217 mum
232 3162 351 3216 totalem.
422 3167 454 3216 11
478 3161 607 3231 ploos-d.
633 3164 637 3232 Ι
661 3161 822 3232 appellatur
843 3177 874 3231 p:
901 3161 1018 3217 vocatur
1041 3161 1066 3216 d.

103 3239 139 3289 ta
161 3231 254 3302 pridie
271 3249 288 3288 r
306 3232 388 3302 (Pilz
415 3231 524 3302 pridem
545 3233 595 3302 pd.
621 3236 624 3303 Ι
654 3233 981 3290 eorum-macerantur
1002 3247 1053 3286 om.
1076 3230 1123 3286 rb.

151 3308 186 3358 14
212 3303 353 3374 Qentur
368 3346 373 3359 .
388 3348 394 3358 .
412 3346 417 3357 .
433 3304 601 3360 devorentur
627 3307 653 3362 d.
733 3311 766 3360 16
790 3303 904 3386 opliaois
925 3319 955 3373 9,
984 3301 1122 3358 eiliacisr
1182 3303 1183 3306 ’

102 3375 187 3446 (Pl.):
210 3374 302 3431 iliacis
316 3376 343 3430 d.
389 3379 422 3431 17
437 3375 549 3445 patenis
566 3386 613 3446 9⁰.
660 3381 693 3431 19
708 3377 813 3431 austeri
825 3376 875 3445 qd.
921 3379 955 3430 20
968 3372 1024 3428 ileo
1040 3372 1125 3442 (Pl.):

102 3445 213 3502 ciliecia
240 3463 291 3516 pr,
322 3445 414 3503 iliacis
442 3448 468 3503 d.
546 3452 579 3503 21
608 3446 708 3503 cruda:
737 3446 822 3502 crude
844 3467 867 3502 11
891 3445 982 3500 Marc.
1005 3460 1036 3512 p.
1061 3447 1122 3496 193.

102 3589 121 3645 h
159 3523 194 3572 22
220 3519 305 3588 atque
330 3533 360 3588 9:
392 3533 442 3574 om.
466 3519 493 3574 d.
575 3523 609 3573 23
637 3517 667 3572 in
693 3536 720 3574 n.
743 3537 770 3574 v.
799 3516 945 3574 decoctum
967 3531 992 3570 r.
1021 3518 1025 3582 Ι
1054 3529 1124 3570 vase

121 3589 150 3644 ie
167 3593 193 3643 ct
209 3605 236 3660 9.
