2620 4030
83 445 132 515 gat
159 453 196 496 ex
222 449 315 516 aquae
349 435 462 516 cyathis
490 444 632 515 nimbum
659 438 749 497 unius
766 436 891 497 'denarii
918 454 991 517 pon·

83 525 154 585 dere
190 525 389 605 propinatum.
441 523 655 586 sorbitionibus
692 525 818 586 mixtum
855 525 993 604 pituitam

82 614 214 693 pectoris
241 612 335 675 solvit
378 631 448 675 oum
474 612 551 675 lacte
578 615 700 694 caprino
728 620 847 676 coctum
874 613 992 675 dolores

82 702 214 782 pectoris
237 702 359 781 mitigat.
396 720 414 763 a
436 703 545 764 ieiunis
568 721 605 764 ex
623 701 709 764 melle
730 709 882 782 sumptum
903 703 991 763 tussi·

58 789 204 853 sentibus
227 789 355 852 salutare
379 798 433 852 est.
532 793 533 799 ’

151 1025 261 1083 nm
294 1027 344 1082 De
365 1039 477 1084 eruca
604 1026 607 1033 '
1022 1030 1067 1086 Pl

152 1159 250 1222 Eruca
263 1156 373 1224 calidae
389 1163 518 1245 quidem,
531 1181 592 1225 non
608 1171 707 1224 tamen
717 1164 842 1227 nimium
856 1171 1012 1226 austerae
1003 1107 1046 1172 20
1048 1106 1091 1156 49

83 1253 256 1332 ignitasque
274 1252 393 1315 virtutis
414 1258 468 1312 est.
495 1251 565 1313 inde
584 1269 724 1314 venerem
745 1253 870 1314 maxime
890 1253 992 1316 stimu·
1006 1245 1099 1299 Dim·

82 1338 179 1400 latin
202 1339 269 1400 cibo
288 1345 405 1419 sumpta
426 1348 457 1401 ct
479 1339 660 1420 digestiones
683 1339 801 1402 adiuvat
822 1348 853 1402 ct
875 1321 1093 1403 urinam2169

82 1435 191 1490 moret.
227 1428 359 1493 lactucae
378 1447 497 1508 quoque
517 1431 627 1508 optime
649 1430 682 1492 in
700 1425 767 1490 cibo
789 1429 937 1512 iungitur,
959 1435 993 1490 nt
1003 1404 1050 1544 15
1048 1405 1091 1530 {A

47 1517 180 1597 rorigeri
205 1535 259 1596 par
286 1517 386 1580 servor
408 1517 555 1578 admixtus
583 1524 851 1599 temperamentum
870 1517 1045 1580 salubrc’

82 1613 251 1686 componat
279 1624 316 1670 cx
332 1607 400 1668 vino
422 1615 493 1688 pota
516 1607 655 1670 duritiam
676 1625 782 1671 sensus
802 1613 906 1669 contra
929 1625 993 1668 ver·

81 1691 157 1755 bera
185 1693 317 1756 creditur
339 1713 428 1774 posse
451 1703 613 1775 praestare.
648 1695 813 1758 infantibus
841 1697 992 1760 tussienti-

82 1779 142 1844 bus
169 1784 200 1844 in
228 1781 295 1844 cibo
317 1783 400 1846 utilis
423 1792 478 1846 est.
511 1784 650 1846 ‘maculas
674 1787 737 1846 cuti
759 1784 836 1848 tollit
858 1803 895 1845 ex
918 1785 992 1847 facie

82 1888 155 1932 cum
175 1871 261 1932 mede
284 1871 381 1954 inlita,
401 1871 561 1952 'lentigines
584 1873 721 1934 extrahit
757 1871 840 1936 radix
863 1874 895 1932 in
917 1891 993 1951 aqua

47 1969 70 2009 1⁶
83 1960 209 2021 decocta
236 1959 365 2021 extrahit
391 1978 459 2021 ossa
482 1978 557 2040 quae
585 1961 678 2022 fructa
705 1969 785 2022 sunt.
827 1978 929 2021 semen
957 1979 993 2022 ex

82 2051 153 2112 rino
169 2055 273 2128 potum
291 2051 484 2128 scorpionum
496 2067 611 2114 venena
627 2051 760 2128 itemque
779 2050 881 2110 aranei
898 2051 993 2112 muris

83 2136 227 2199 excludit.
269 2139 370 2217 nigras
401 2139 556 2200 cicatrices
582 2156 653 2200 cum
684 2137 752 2200 lello
779 2136 925 2200 bubulino
958 2137 993 2198 ad

83 2225 245 2286 candorem
272 2226 399 2288 reducit.
444 2225 615 2288 condituras
648 2244 814 2306 coquorum
843 2234 904 2288 tam
926 2229 995 2305 ‚ipsa

172 2543 344 2603 Nasturcinm
370 2543 485 2602 calidum
512 2553 570 2617 est,
597 2554 626 2602 ct
651 2543 761 2604 conficit
781 2559 876 2606 carnes
901 2548 940 2604 ita
963 2554 994 2602 ut
1013 2554 1069 2623 (63)
1136 2613 1143 2626 ·

45 2634 70 2674 ²⁰
83 2630 260 2704 comtrlngot
281 2627 379 2705 begmr
401 2636 429 2685 et
455 2629 535 2686 lactat
556 2625 740 2705 stranguriam
760 2629 789 2686 id
811 2637 853 2686 est
874 2638 993 2688 meatum

83 2716 182 2771 urim
203 2712 329 2771 obduret.
366 2727 458 2772 senen
480 2714 541 2771 eius
561 2715 657 2772 tritum
680 2731 740 2770 cum
762 2713 898 2772 iumento
920 2713 992 2771 duri·

83 2799 137 2854 tias
168 2811 262 2854 omnes
289 2797 362 2854 tollit
389 2805 418 2854 et
445 2797 625 2856 carbunculos
653 2807 738 2856 curat.
781 2814 873 2856 semen
900 2800 994 2856 tritum

82 2897 148 2944 curn
171 2897 240 2955 aqua
262 2881 403 2956 paniculas
423 2883 536 2957 spargit.

161 3261 315 3344 luqnotaxor
332 3261 429 3331 pub),
452 3281 505 3317 1111.
524 3261 556 3316 ol
578 3261 637 3344 (vu
650 3261 748 3344 Plio..)
768 3261 852 3330 ideis
871 3266 956 3332 pond
974 3263 1101 3333 romu).

82 3328 198 3388 denarii
223 3332 290 3398 (om.
307 3331 403 3402 pond.)
432 3332 495 3402 pol
562 3330 739 3388 4Aieiunns
762 3333 869 3403 (eido
908 3334 976 3390 Post
993 3335 1035 3390 tit.
1062 3350 1102 3388 se-

81 3402 312 3557 imur
328 3403 1103 3544 affluunt
1191 3495 1196 3498 -

122 3543 402 3628 1⁰rigoxel12
459 3545 564 3615 scopu·
592 3545 707 3604 ommrb
767 3547 929 3602 13estrb.
956 3545 1065 3615 ompl.

82 3621 119 3672 17
142 3614 327 3686 bubulinopz
344 3615 422 3672 bnbu
460 3615 505 3671 rb
524 3616 590 3685 (Pl,
608 3630 672 3670 num
689 3615 781 3672 bibuli
794 3615 911 3685 nitet).
1037 3639 1041 3644 ¹

887 3702 943 3759 10*
