2610 4040
483 233 703 297 ,49-

83 398 222 458 amittant
241 403 272 455 et
290 395 459 456 enucleatae
479 414 548 456 cum
566 397 669 476 pipere
688 403 837 479 terimur,

83 484 197 565 quibus
219 484 421 547 admiscentur
439 487 520 544 coria
538 485 608 545 mali
630 487 661 545 in
680 493 763 547 aceto
787 486 835 547 de-

83 582 184 654 cocta,
215 574 315 634 oleum
346 581 377 658 et
409 575 589 634 acerrimum
621 581 736 636 acetum
768 593 836 635 cum

81 662 212 724 tribulas
232 663 367 723 adicitur.
395 661 545 741 oportebit
563 671 664 724 autem
682 665 733 742 qui
751 681 834 724 cura-

53 752 169 814 abitur
187 753 306 830 potione
326 769 415 831 quam
438 751 604 812 diutissime
623 749 772 814 abstinere
792 787 834 794 —

83 848 190 920 utpote
218 840 298 919 quod
325 847 356 901 et
383 842 495 900 vomitu
522 848 553 901 et
578 859 633 920 per
656 841 758 902 sedem
785 858 833 902 ex·

82 929 212 990 haurIat.
262 928 404 990 adversus
440 946 529 1008 quam
564 929 696 991 lactucae
735 930 834 992 caules
862 941 950 1006 anot.

7 1015 9 1018 ’
81 1025 198 1098 quanto
221 1019 349 1078 maiores
372 1025 402 1078 et
425 1019 585 1078 amariores
609 1020 640 1078 in
662 1020 763 1098 patina
785 1038 833 1080 co·

81 1116 221 1186 quuntur
244 1125 280 1167 ex
308 1124 383 1186 aqua
406 1115 437 1166 et
464 1108 506 1167 sic
535 1106 673 1168 eduntur.
710 1108 835 1187 cydonia
862 1119 966 1181 23‚100.

37 1209 65 1249 10
80 1204 202 1256 matura
233 1195 325 1256 cruda
352 1196 384 1255 in
416 1194 483 1255 cibo
511 1202 680 1256 sumuntur.
723 1199 833 1275 optime

80 1285 159 1345 lacit
180 1290 210 1344 et
231 1286 312 1363 potio
331 1285 418 1344 cuius
441 1286 687 1362 compositionem
705 1302 775 1345 cum
797 1284 833 1344 de
863 1287 990 1358 (tutta.)

78 1370 236 1433 stomacho
251 1372 419 1433 diceremus
433 1374 632 1451 exposuimus.
656 1371 745 1433 bacae
759 1375 833 1434 acri·
862 1384 966 1447 aaut.

82 1459 151 1521 solii
173 1463 259 1522 tritae
283 1469 313 1521 et
336 1480 373 1522 ex
396 1463 464 1521 rino
488 1460 582 1522 datae.
619 1479 773 1523 mororum
796 1462 832 1522 de
862 1473 966 1536 alnao.

79 1547 163 1610 rubo
182 1567 272 1610 sucus
290 1549 452 1610 efficaciter
472 1548 593 1611 bibitur.
626 1566 702 1630 aqua
719 1553 833 1613 marina
861 1563 948 1626 atos.

37 1650 64 1690 1⁵
81 1637 179 1700 calida
201 1637 339 1718 clysterio
362 1639 538 1699 infunditur.

149 1803 245 1860 vm.
269 1802 498 1860 nominibus.

151 1919 280 1982 Lactuca
302 1922 434 2006 discpcta
451 1921 551 2000 editur
570 1941 607 1982 ex
625 1922 690 1983 oleo
715 1925 831 2002 cynrino
904 1929 919 1962 *

78 2010 145 2072 sale
173 2013 276 2090 sinapi.
317 2028 405 2071 ovum
435 2011 562 2071 crudum
594 2011 769 2073 diffunditur
800 2013 832 2071 in
904 2016 920 2051 *

80 2117 171 2180 vaso,
192 2106 334 2178 putamen
357 2101 422 2160 eius
445 2099 586 2178 impletur
609 2101 674 2161 oleo
698 2099 777 2180 quod
800 2102 832 2159 in

78 2205 154 2248 vaso
182 2187 371 2270 diffunditur,
398 2187 501 2248 eadem
528 2190 643 2249 ratione
673 2197 704 2250 et
730 2191 832 2250 vinum

37 2293 64 2332 co
80 2285 115 2337 et
138 2275 210 2356 mel,
232 2278 334 2337 vinum
362 2277 401 2337 sit
428 2284 595 2338 austerum:
626 2277 699 2338 baec
722 2279 831 2357 permi-

80 2371 208 2444 scentur
221 2367 253 2425 in
266 2382 360 2425 unum
375 2364 529 2445 cocleario,
543 2372 573 2426 et
586 2364 708 2428 bibitur.
730 2366 832 2426 holera
859 2365 875 2398 c
893 2368 954 2436 (ccc.
974 2370 999 2438 r)

157 2523 172 2572 3
192 2520 221 2573 et
238 2517 332 2574 oleum
345 2519 372 2574 d.
395 2517 399 2584 Ι
425 2517 591 2573 acerrimum
609 2535 661 2574 occ.
674 2521 701 2574 d.
728 2519 732 2587 Ι
756 2517 956 2586 cumtriblesy
979 2517 1014 2585 (ct
1032 2523 1098 2573 cote

80 2605 155 2645 corr.
168 2590 207 2659 d),
226 2606 290 2644 cum
303 2588 416 2644 tribulis
434 2592 482 2644 ἀΰ.
534 2597 549 2644 6
568 2591 667 2660 utpote
686 2590 762 2660 quod
781 2591 809 2658 (t.
829 2588 896 2658 quia
913 2587 967 2642 boc
981 2587 1098 2657 malum,

80 2661 119 2728 ef.
138 2661 181 2716 cd.
198 2659 277 2716 Rom.
296 2671 328 2728 Π,
353 2665 387 2714 25
414 2661 453 2718 tn.
478 2661 527 2715 coo
553 2661 619 2718 baec
639 2662 743 2730 primia
764 2661 848 2714 tuido
870 2659 988 2728 capitoli
1009 2660 1098 2714 cabis

81 2729 220 2787 (lholcra.
231 2775 237 2787 .
250 2774 256 2786 .
270 2747 405 2801 praeceps
428 2733 596 2801 inoperatur,
621 2736 712 2786 tanton
735 2732 816 2786 ettam
834 2730 914 2796 infre
937 2734 1099 2800 repeteretur

76 2807 146 2873 post
167 2803 385 2872 compositiones
407 2804 442 2858 ab
465 2803 567 2859 editore
586 2803 731 2858 Ptiotootc
757 2819 791 2858 ec
812 2803 938 2872 marciae
959 2803 1099 2871 inescatam,

75 2873 170 2943 poulo
187 2877 295 2928 maaca
307 2874 359 2928 sic:
379 2890 434 2944 quo
453 2876 483 2930 et
496 2873 633 2930 vomitum
646 2891 697 2944 per
710 2873 787 2929 sitim
802 2872 967 2943 exhauriat).
982 2875 988 2940 Ι
1010 2872 1098 2929 romi-

80 2947 147 2998 tnm
165 2945 229 3013 (tat)
247 2945 267 2998 d
285 2943 432 3012 (vomitum
450 2946 585 3016 provocet
603 2947 632 3000 et
654 2963 681 3015 p.
699 2944 777 3000 sitim
795 2945 857 3001 exh.
873 2945 969 3014 priore
986 2946 1044 3000 loco
1062 2947 1097 3015 r).

120 3021 137 3070 7
155 3015 295 3070 Adversus
314 3031 401 3085 quam
419 3017 464 3084 (cc.
484 3016 626 3072 choleram
644 3017 687 3086 cd
704 3021 730 3071 ct
743 3033 790 3087 pr.
809 3017 827 3071 l.
845 3019 885 3086 r):
911 3016 944 3072 ln
962 3031 1037 3084 aquo
1055 3017 1099 3085 (ec

81 3102 132 3142 em,
151 3087 236 3142 altero
255 3087 322 3155 loco)
345 3087 369 3142 b.
433 3093 449 3142 9
468 3087 590 3158 cydonia
606 3104 636 3158 p:
656 3087 772 3142 cidonea
790 3088 816 3142 cl.
883 3092 915 3141 10
933 3087 964 3142 in
982 3087 1055 3156 cybo
1071 3102 1098 3157 p.

119 3161 154 3210 11
167 3158 330 3226 utsupra
347 3174 368 3212 c.
384 3164 400 3214 6
417 3173 453 3213 cc
468 3159 512 3214 Pl.
532 3165 637 3228 tanta.
685 3164 717 3212 12
732 3159 843 3214 Bnohae
856 3156 1039 3227 <cap>rifolti
1057 3160 1100 3228 (ct

79 3231 180 3298 upra)
198 3238 229 3298 ᾳ·
257 3229 299 3297 (ct
316 3229 373 3284 red.
392 3229 425 3283 to
437 3231 523 3285 unica
541 3231 647 3286 litterae
659 3245 762 3285 caseon
779 3231 817 3284 sit
830 3245 895 3299 cap,
913 3228 1030 3296 fortasse
1042 3245 1098 3298 pro

80 3303 150 3354 cot
166 3302 259 3370 santra
272 3305 324 3368 2‚6.
352 3299 481 3370 aquifolii
500 3302 612 3372 More).
633 3304 637 3370 1
660 3300 838 3372 agnionam.
851 3341 857 3357 .
870 3342 876 3355 .
891 3299 974 3354 datur
991 3317 1007 3354 r
1025 3301 1098 3369 (pro-

80 3372 150 3426 sunt
160 3371 225 3428 add.
241 3369 271 3441 b,
286 3371 455 3426 subveniunt
465 3373 520 3443 M).
557 3374 599 3429 ct.
613 3372 657 3426 Ad
671 3371 794 3428 tormina
802 3373 829 3427 d.
867 3377 901 3424 18
911 3376 937 3426 ct
948 3376 980 3425 19
989 3387 1056 3426 vaso
1065 3387 1096 3441 p:

80 3457 150 3498 vase
167 3441 217 3498 db.
291 3448 323 3497 19
342 3441 519 3499 diffunditur:
538 3445 573 3513 ef.
594 3443 713 3499 coicitur
732 3449 800 3513 135.
873 3448 909 3498 20
927 3443 1038 3497 ousoere
1056 3441 1098 3510 qd

80 3514 118 3581 (b,
138 3531 213 3568 -rum
230 3515 266 3583 r).
320 3517 353 3568 21
373 3517 403 3569 et
421 3514 457 3570 ad
476 3515 664 3585 quantitatem
677 3515 809 3572 coclearii
826 3514 908 3570 unius
925 3511 1060 3567 bibuntur
1073 3527 1099 3567 r.
1211 3573 1222 3589 υ

83 3583 191 3655 roura
209 3585 255 3640 aa
271 3600 297 3655 ρ.

135 3687 204 3727 Plinii
218 3687 314 3730 iuniori·
327 3687 444 3731 medicina.
919 3677 936 3725 4
