2620 4040
448 231 690 297 -191-

60 402 254 475 merguntur,
285 402 389 473 postea
416 411 492 474 aqua
521 396 585 475 ipsa
613 414 682 456 erim
707 397 867 476 pigmentis
895 400 973 459 siout

60 484 161 544 inlusa
190 490 261 544 sunt
291 482 469 562 decoquitur
501 483 537 544 ad
569 486 687 565 tertias,
719 493 750 546 et
781 485 850 547 inde
878 486 972 548 colata

60 588 204 634 mensura
226 573 291 651 pari
308 589 377 633 oum
400 572 574 652 despumato
593 573 678 634 melle
698 575 855 655 miscetur,
877 575 971 637 molli·

61 679 122 740 que
145 660 276 740 igniculo
295 679 333 721 ne
351 660 495 722 aduratur
513 661 570 721 hoo
588 680 685 740 usque
706 662 858 724 incalescit
876 662 970 725 donec

32 749 185 811 osubaota
208 751 241 810 in
263 748 359 811 mellis
383 749 611 812 crassitudinem
634 759 775 814 transeat.

129 951 249 1007 XLVI.
280 952 330 1006 De
352 963 476 1021 pruno.

129 1067 224 1130 Pruni
243 1087 348 1132 recens
367 1087 488 1149 pomum
506 1077 642 1130 ventrem
661 1070 795 1152 resolvit,
819 1071 969 1133 stomacho
981 1048 1059 1173 ὦ

60 1159 246 1220 contrarium
272 1158 435 1240 iudicatur,
467 1158 519 1218 sed
549 1175 637 1219 omne
665 1157 722 1219 hoc
750 1159 970 1222 incommodum
998 1161 1005 1186 ’
1061 1160 1067 1173 '

60 1248 154 1308 celeri
177 1246 340 1328 digestione
360 1248 470 1308 finitur.
507 1249 586 1308 sicca
605 1265 665 1307 non
683 1255 799 1309 tantum
817 1249 969 1310 molestiae

59 1335 214 1416 praebent.
251 1335 439 1413 Dioscorides
463 1329 541 1397 sicca
560 1344 644 1397 cocta
667 1334 765 1396 alvum
787 1340 970 1418 restringere

21 1439 45 1479 1⁰
59 1427 218 1486 existimat.
259 1424 338 1504 quod
363 1421 491 1486 Galenus
519 1443 578 1485 non
606 1426 746 1486 inmerito
773 1425 880 1487 salsum
903 1445 968 1487 esse
989 1418 1052 1474 Gal·

60 1513 224 1575 contendit.
260 1515 327 1594 quis
351 1515 430 1574 enim
457 1515 570 1575 nesciat
597 1533 634 1574 ex
661 1532 748 1594 passo
771 1514 903 1576 discocta
925 1495 1076 1576 velm’35·

58 1603 158 1664 mulso
173 1603 209 1663 ad
228 1602 407 1664 solutionem
420 1605 533 1663 ventris
552 1603 684 1684 operari,
702 1605 887 1684 maximeque
902 1623 970 1684 pro·

58 1693 151 1752 ficere
181 1694 206 1752 si
234 1692 391 1754 decoctum
420 1693 519 1771 ipsum
547 1693 595 1752 cui
628 1709 719 1752 sucus
747 1693 895 1754 admixtus
924 1702 971 1754 est

60 1776 243 1841 sorbeatur?
279 1781 350 1841 lacit
377 1787 476 1841 tamen
504 1787 535 1840 et
561 1782 625 1859 ipse
649 1780 832 1842 differentias
861 1782 971 1842 diversi

21 1881 45 1921 1⁵
59 1871 180 1950 generis
207 1871 239 1929 in
265 1871 384 1950 prunis,
412 1877 446 1929 ut
473 1870 587 1947 syriaca
614 1875 730 1929 tantum
757 1876 844 1948 putet
871 1873 970 1930 minus

124 2097 185 2157 llon
206 2116 260 2156 una
282 2097 429 2176 eademque
444 2100 530 2155 virtus
551 2100 579 2155 in
599 2097 724 2160 omnibus
745 2100 885 2156 citriorum
909 2116 969 2174 par·
988 2102 1045 2171 (71)

59 2184 149 2256 tibus,
172 2183 199 2240 in
214 2186 315 2241 cortice
332 2184 522 2254 thermantica,
545 2183 573 2239 in
595 2200 675 2241 carne
691 2183 750 2241 alba
765 2183 852 2242 medie
869 2193 969 2259 ternpo-

59 2278 118 2326 rata
139 2269 301 2340 acrimonia,
331 2269 458 2325 acerrima
486 2269 513 2324 in
537 2267 638 2325 semine
660 2277 689 2325 et
710 2270 838 2344 styptica.
875 2270 969 2326 cortici

59 2354 196 2411 austerior
216 2361 310 2410 natura
338 2369 465 2410 concessa
492 2361 550 2426 est,
577 2369 647 2426 quae
675 2361 807 2427 quantum
829 2353 915 2410 valeat
937 2370 970 2411 ea

23 2440 121 2513 seipso
153 2437 238 2497 odore
265 2445 393 2496 testatur.
437 2437 544 2496 modice
571 2444 696 2511 sumptus
724 2445 771 2495 aut
797 2439 827 2496 in
855 2440 969 2512 potione

59 2522 163 2580 calidae
191 2521 293 2580 diutius
316 2524 450 2578 inmersus
476 2519 637 2580 beneficium
659 2529 781 2580 maturae
807 2521 968 2595 digestionis

58 2614 200 2681 operatur.
236 2623 299 2664 cero
322 2605 381 2664 alba
403 2622 456 2680 qua
478 2607 505 2661 in
527 2606 588 2664 cibo
611 2607 729 2678 utimur,
752 2606 850 2680 dogma
872 2606 969 2676 nutrit,
1034 2665 1036 2670 ,

59 2692 193 2751 foramina
218 2691 347 2748 interiora
362 2691 463 2748 claudit
483 2699 510 2746 et
532 2691 701 2749 stomachum
726 2690 871 2765 opprimit,
894 2688 970 2746 tarde

58 2777 189 2850 coquitur
217 2783 245 2832 et
273 2775 472 2850 indigestiones
495 2774 559 2832 iacit
586 2775 741 2832 acrimonia.
780 2790 841 2832 cum
867 2775 969 2830 semine

23 2874 45 2915 as
60 2863 127 2918 trita
149 2862 252 2918 morsui
274 2863 369 2919 canino
391 2861 536 2918 succurrit.
574 2859 689 2917 incisum
711 2875 772 2916 cum
795 2856 920 2916 omnibus
943 2859 970 2914 in

58 2962 89 3001 se
113 2952 222 3002 coctum
236 2947 404 3020 serpentium
424 2961 533 3002 morsus
554 2953 582 3002 et
597 2959 699 3002 venena
720 2943 869 3020 fungorum
884 2951 970 3000 curat.

133 3165 148 3213 1
168 3159 332 3228 merguntur
348 3159 393 3228 ptr
413 3158 528 3228 -gnntur
539 3157 584 3212 rb.
601 3158 605 3224 Ι
621 3156 723 3226 postea
735 3156 780 3225 pl:
798 3155 865 3225 posi
879 3154 928 3210 rb.
946 3121 949 3127 Ι
974 3157 989 3208 2
1009 3154 1075 3210 sunt

58 3245 110 3286 om.
126 3231 143 3286 l.
165 3233 170 3297 l
190 3229 232 3284 ad'
244 3229 343 3286 tertias
359 3230 406 3299 pls
433 3245 484 3284 om.
502 3228 547 3284 rb.
573 3231 577 3297 1
602 3227 668 3284 inde
686 3227 736 3282 rb:
754 3226 785 3280 in
808 3227 854 3294 (so
867 3241 923 3294 pro
941 3227 982 3293 ῑιῑ)
999 3225 1040 3294 pt.

57 3307 74 3356 3
93 3316 227 3358 mensura
243 3300 306 3428 pari
324 3317 388 3356 oum
404 3299 451 3370 pls
468 3316 519 3357 orn.
538 3300 583 3366 rb,
600 3301 604 3367 Ι
619 3297 699 3356 melli
715 3299 761 3354 rt.
816 3303 833 3352 4
849 3296 905 3352 ,hoe
923 3311 1011 3365 usque
1029 3295 1076 3364 pt:

57 3372 239 3442 hocaequor
261 3413 268 3427 .
294 3374 298 3441 l
327 3371 480 3428 incalescat
497 3372 515 3427 t.
588 3368 755 3426 becbecia:
782 3369 823 3426 sie
844 3368 954 3438 plico).
992 3365 1075 3434 cepit.

58 3450 93 3498 to
118 3458 169 3500 om.
192 3444 230 3499 τὸ
259 3444 382 3513 (prim
407 3443 466 3512 ipse
488 3440 563 3498 edidi
584 3442 617 3496 in
638 3441 742 3497 decad.
761 3451 792 3499 11,
811 3441 885 3507 iso).
968 3442 1002 3492 10
1026 3452 1075 3517 go·

57 3514 152 3597 lienus
167 3515 208 3584 pt.
264 3521 296 3570 13
315 3513 398 3584 ipsud
416 3530 443 3584 p.
499 3519 533 3567 14
551 3513 698 3570 sorbeatur
714 3528 745 3582 y:
769 3511 897 3566 sorbetur
915 3509 933 3565 t.
988 3513 1076 3562 1521·

59 3602 136 3641 naes
154 3603 179 3656 p.
