2610 4040
560 215 780 278 ..12-

430 380 564 438 rinaruni
591 377 713 457 pellium
737 378 812 438 einis
840 395 876 436 ex
904 383 987 436 aceto
1016 375 1108 434 fronti
1134 377 1178 434 iu-
1233 423 1239 432 .

297 478 401 541 tenu.
429 459 541 528 linitur.
579 465 695 527 cocleae
718 467 863 525 matutino
883 483 914 524 se
934 466 1068 544 pascenti
1091 473 1180 542 capnt

346 604 350 609 .
430 555 595 616 harundine
628 554 810 634 praeciditur
837 561 867 614 et
894 555 926 614 in
956 552 1077 612 linteolo
1110 552 1178 612 lioio

330 645 366 700 ib.
431 644 566 722 alligatur
585 643 720 722 colloque
740 643 941 722 suspenditur.
975 642 1068 701 iraoto
1089 643 1179 719 capiti

429 732 488 794 tela
511 751 635 793 araneae
653 734 791 812 imposita
809 750 846 792 ex
865 731 930 791 oleo
950 737 1095 810 chaneio,
1118 742 1207 790 nona

297 831 401 894 talto.
430 822 544 883 recedit
561 823 619 882 nisi
638 829 722 882 sanet
740 820 882 881 dolorem.
920 837 995 898 aqua
1014 827 1084 898 pota
1102 836 1179 896 quae

430 912 578 990 superfuit
602 910 639 970 de
662 910 746 970 horis
767 917 818 970 aut
840 911 916 969 asini
939 909 1059 987 potione
1083 925 1178 968 reine-

330 1002 366 1056 111.
430 1000 491 1060 diat
523 1002 549 1059 si
580 1007 627 1059 ter
653 1007 783 1078 potetur.
826 999 938 1058 cervini
966 1015 1076 1056 cornus
1104 996 1179 1056 cinis

332 1165 333 1170 ἵ
430 1088 532 1150 inlitus
556 1107 593 1148 ex
617 1096 700 1149 aceto
725 1095 755 1148 et
779 1088 893 1146 rosaeio
906 1084 1047 1164 prodest.

494 1237 539 1292 11.
561 1235 723 1292 rimaran
746 1237 781 1291 ee
802 1233 978 1304 porrigine.
1062 1215 1067 1222 '

498 1331 669 1396 Pthiriasis'
685 1338 912 1415 porriginesque
940 1335 1116 1414 plerumque
1145 1336 1176 1392 in
1192 1347 1218 1385 1⁰

431 1425 595 1503 perniciem
623 1425 720 1485 solent
747 1431 931 1499 convertere.
976 1421 1084 1501 quihus
1113 1441 1179 1482 suc-

298 1523 403 1585 20‚102.
433 1511 615 1573 currendum
646 1520 700 1573 est.
742 1519 951 1591 perunguntur
982 1513 1080 1590 itaque
1114 1509 1178 1570 hul·

332 1602 368 1655 io.
433 1600 479 1661 his
503 1602 581 1660 tritis
606 1620 642 1661 ex
665 1603 743 1661 vino.
780 1603 852 1662 item
875 1599 1018 1679 sulphure
1042 1619 1079 1660 ex
1102 1602 1179 1660 rino.

210 1699 296 1761 24‚18.
317 1698 404 1762 napa.
432 1691 504 1750 item
517 1708 572 1768 per
587 1708 618 1750 se
634 1709 670 1750 ex
685 1689 774 1749 cedro
793 1689 969 1750 inlinuntur.
1006 1688 1096 1749 aliurn
1111 1705 1180 1748 cuna

298 1788 404 1849 24188.
432 1785 516 1837 aceto
532 1788 563 1838 et
580 1781 660 1839 nitro
679 1780 784 1860 tritunp
802 1778 967 1838 infricatur.
1005 1778 1099 1836 larina
1118 1778 1220 1836 ieni15

432 1868 531 1946 graeci
550 1886 619 1927 curn
638 1869 705 1927 vino
725 1874 755 1927 et
769 1868 848 1927 nitro
867 1867 1049 1945 porriginem
1063 1873 1180 1946 purgat,
1293 1859 1294 1898 ³

151 1950 268 2026 anlon.
299 1965 403 2027 25,133.
432 1963 462 2015 et
486 1955 618 2015 lurlnres
646 1974 682 2015 ex
711 1963 803 2015 aceto.
840 1955 920 2015 idem
941 1954 1179 2034 praestatradix

432 2045 541 2102 veratri
576 2046 607 2104 in
644 2044 709 2104 oleo
742 2043 864 2104 decocta
898 2045 968 2103 trita
999 2044 1180 2122 suffusaque.

298 2141 402 2204 halac.
432 2130 577 2211 hysopum
600 2151 637 2192 ex
660 2133 725 2192 oleo
749 2135 854 2193 tritum
877 2139 907 2192 et
933 2132 1109 2193 instillatum
1132 2151 1178 2191 ca·

317 2231 403 2293 aeni.
430 2221 487 2299 piti
517 2220 654 2298 pthiriasi
683 2220 818 2282 medetur
846 2229 876 2281 et
908 2220 1084 2299 pruritibus,
1102 2259 1110 2272 ,
1126 2239 1179 2280 ova
1194 2234 1221 2274 20
1292 2255 1293 2294 3

227 2354 378 2410 icocleee:
403 2355 499 2409 coctae
514 2357 591 2411 codd.
609 2357 686 2411 Plio.
702 2358 813 2425 (mund.
825 2357 981 2421 Hordoin.)
1000 2355 1181 2425 (matutinum

164 2425 406 2551 recreer
430 2427 897 2568 therionarca
916 2425 1181 2567 Masurius

166 2567 248 2620 aceto
268 2569 297 2622 el
315 2567 377 2623 oleo
391 2569 418 2623 d.
475 2515 642 2638 rsuplnuit
660 2570 695 2625 de
709 2541 823 2639 potione
836 2569 908 2638 prb:
927 2568 1073 2651 superfluit
1090 2566 1181 2621 bobus

163 2639 214 2692 aut
242 2636 335 2692 asinis.
359 2638 474 2709 potione
497 2642 516 2694 d
541 2640 586 2708 (of.
611 2641 704 2696 Marc.
723 2658 754 2710 p.
779 2645 813 2694 35
842 2639 999 2709 „reliquus
1026 2638 1107 2694 bovis
1131 2655 1180 2708 po·

163 2708 282 2762 tantis“.
311 2709 362 2765 Th.
383 2710 472 2767 Prisc.
492 2723 529 2762 ιν
543 2729 574 2780 p.
598 2710 672 2782 81b).
703 2715 707 2781 Ι
736 2710 873 2766 remediat
894 2712 949 2779 pol:
970 2710 1180 2765 remedeuturb
1291 2727 1292 2761 r

164 2778 299 2847 (remedie
311 2781 419 2849 prestat
431 2783 466 2849 r).
521 2787 537 2836 8
553 2781 578 2837 si
595 2785 640 2838 ter
652 2784 766 2853 potetur
778 2783 849 2852 prb:
869 2797 919 2836 om.
934 2782 960 2838 d.
1017 2787 1032 2835 9
1048 2782 1076 2835 el
1084 2780 1179 2850 pdrb:

164 2851 214 2904 sul
234 2851 280 2910 Pl.
352 2852 394 2905 tit.
412 2851 455 2905 De
472 2852 584 2921 ptirissi
607 2855 637 2908 et
654 2853 796 2923 porrigine
814 2853 851 2907 id.
871 2859 895 2907 e.
918 2851 1064 2921 peduculis
1086 2851 1117 2905 in
1135 2869 1179 2907 cs·

163 2920 222 2990 pite
240 2937 277 2996 9,Ι
298 2921 343 2975 Ad
364 2921 497 2977 thirissos
521 2926 550 2978 et
572 2925 729 2994 prurigines
753 2924 773 2978 d
795 2922 961 2992 (porrigines
979 2940 995 2977 r
1018 2927 1043 2976 et
1066 2923 1179 2992 Mora).

201 2999 234 3046 10
243 2991 391 3047 Pthirissis
402 2995 431 3048 eh
440 2993 598 3064 porrigines
611 3011 641 3064 p,
661 2994 772 3064 Tyriasi
785 2998 815 3048 et
827 2993 985 3064 prurigines
1003 2994 1021 3047 d
1040 2993 1180 3063 (pthiriasi

164 3063 193 3117 ei
211 3062 348 3133 porrigini
367 3064 406 3132 b),
429 3065 475 3118 Ad
491 3065 615 3134 phytiam
639 3064 759 3135 (ptyries
776 3065 815 3121 id.
834 3066 866 3118 in
888 3065 930 3121 tit.
949 3067 1021 3134 cap.)
1044 3066 1074 3119 et
1090 3065 1179 3134 porri-

163 3132 242 3202 gines
265 3135 294 3189 ei
311 3135 470 3204 pruritusr
497 3135 660 3205 (Pityriusin
684 3139 714 3192 et
740 3135 902 3207 ponigenes
925 3135 1026 3206 cepitis
1045 3152 1117 3204 quse
1140 3136 1178 3205 pl.
1290 3153 1291 3156 ¹

163 3210 210 3260 eto.
218 3205 330 3275 Mora).
345 3222 417 3275 quse
427 3207 492 3280 (qup
502 3224 528 3276 p,
538 3209 628 3278 qued)
637 3208 674 3263 rh
686 3208 768 3278 (quse
778 3223 807 3262 se
817 3225 832 3260 r
841 3207 875 3274 cf.
885 3207 942 3275 M).
971 3213 1002 3261 11
1014 3207 1115 3275 quibus
1125 3207 1179 3276 pd:

164 3293 273 3332 summe
296 3293 363 3332 curu
384 3293 413 3344 r,
441 3277 516 3332 siob
544 3283 584 3347 (se
607 3280 774 3335 convertunt
795 3277 850 3332 nisi
874 3281 1033 3333 occurratur
1051 3277 1107 3347 M.)

165 3353 198 3401 12
211 3346 308 3416 iisqne
321 3349 377 3418 yd:
394 3364 445 3405 orn.
459 3350 505 3405 rb.
540 3355 573 3403 14
587 3367 621 3404 ex
635 3351 730 3406 cedro:
750 3348 844 3405 cedrio
859 3350 903 3404 M.
928 3353 933 3418 Ι
957 3347 1117 3405 illiniuntur
1130 3349 1178 3402 do.

199 3423 232 3473 15
250 3419 310 3474 feni
332 3419 427 3490 groeci
450 3421 530 3491 (Pl.):
557 3421 673 3477 feniculi
690 3422 772 3492 ydrll
793 3421 860 3489 (M).
923 3427 954 3474 1a
973 3419 1145 3490 porriginem
1162 3435 1180 3487 9

163 3489 329 3574 (porrigines
347 3509 373 3560 p.
393 3509 421 3561 r,
449 3491 605 3564 porrigines
628 3493 767 3562 expurget
790 3492 851 3561 M):
879 3491 1053 3560 pruriginem
1070 3491 1098 3545 d.

165 3562 290 3631 loeapd'i
299 3563 353 3633 pd:
364 3563 464 3634 capitis
473 3565 517 3620 rb.
556 3569 590 3619 ‘20
604 3563 716 3634 pliriusi
731 3565 761 3618 d:
776 3561 920 3634 pthiriueis
929 3579 955 3631 9.
973 3565 976 3630 l
992 3560 1143 3630 prorilibns
1152 3577 1178 3630 p.
1289 3563 1290 3576 ¹
