2620 4040
481 268 722 333 -165—

96 438 246 494 tormenta
274 430 427 492 subeunda
450 439 528 492 sunt.
571 432 623 492 sed
646 430 702 491 hoe
731 449 841 511 genere
864 434 1006 494 tormenti

96 530 127 581 et
149 538 238 581 umor
261 521 365 599 capitis
384 522 529 581 avertitur
551 522 603 604 qui
622 522 794 581 caecitatem
814 521 907 582 oculis
927 539 1004 581 com·

96 611 227 670 minatur
259 610 370 688 quique
403 608 554 671 stomacho
588 617 676 688 atque
704 609 839 689 pulmoni
866 628 934 670 acer
962 613 1005 670 iu·

96 699 224 759 stillatus
256 697 383 759 letaliter
415 698 450 758 ad
486 697 609 778 pthisim
635 701 806 778 praestruit.
854 707 884 760 et
916 717 1005 758 coxae

68 809 81 849 5
97 787 216 848 dolores
234 805 289 867 per
303 789 416 848 vesicas
432 794 462 847 et
480 786 615 866 pustulas
635 787 826 870 digeruntur,
845 795 875 848 et
894 786 1005 866 splenis

97 885 198 938 tumor
231 875 355 936 solvitur
387 894 421 936 ac
453 875 620 937 iocinerum
651 876 825 956 indignatio
848 876 1007 958 relaxatur,

97 974 128 1026 et
160 964 330 1045 hydropicis
362 967 499 1024 innatans
529 982 617 1024 umor
648 967 707 1025 iam
736 984 796 1025 non
828 983 1006 1026 reversurus
1053 983 1060 995 ‘

96 1053 243 1114 hauritur.
294 1056 377 1114 aiunt
408 1062 438 1115 ct
470 1052 648 1132 lethargicos
685 1055 821 1136 excitari,
858 1057 883 1114 si
914 1053 1007 1133 pedes

98 1161 203 1204 eorum
226 1142 315 1203 simul
337 1144 416 1203 tritis
440 1144 536 1222 sinapi
559 1150 590 1203 et
612 1143 668 1203 lico
692 1143 774 1204 arida
796 1144 1006 1222 parificentur.

56 1255 82 1293 ιο
98 1251 153 1292 nos
180 1233 300 1306 interim
329 1231 364 1291 de
389 1249 461 1292 suco
489 1230 582 1292 locuti
609 1250 714 1292 sumus
737 1234 789 1310 qui
816 1234 928 1292 semine
957 1249 1006 1290 er-

97 1323 250 1401 primitur,
279 1319 426 1381 admixtus
454 1319 568 1380 scilicet
595 1338 675 1381 nnnc
704 1338 796 1404 aquae
820 1339 900 1380 nune
928 1319 1009 1380 melli

98 1413 124 1470 si
147 1428 220 1470 usus
244 1411 385 1488 exegerit.
422 1417 468 1470 est
487 1417 517 1470 et
534 1409 613 1470 eliud
637 1410 717 1488 quod
736 1428 772 1470 ex
792 1409 875 1470 caule
898 1407 1007 1487 colligi-

97 1507 162 1559 tur:
184 1497 233 1558 hic
253 1491 497 1580 commeruerit,
520 1497 644 1559 lacteam
666 1499 736 1559 lacit
753 1506 881 1579 guttam,
905 1497 1008 1558 utilem

98 1586 238 1648 dentibus
257 1589 283 1647 si
305 1589 337 1647 in
356 1585 458 1648 dolore
477 1587 642 1649 mandatur.
680 1587 799 1668 elegans
817 1605 854 1648 ex
873 1605 909 1646 eo
928 1587 1009 1647 velut

57 1700 84 1738 ιε
101 1676 266 1738 antidotum
280 1675 394 1736 Phaius
408 1675 506 1736 tradit.
535 1694 604 1754 nam
618 1694 721 1737 semen
735 1678 846 1756 sinapis
861 1675 1007 1736 eiusdem-

98 1783 158 1844 que
181 1764 296 1825 radices
323 1767 355 1825 in
378 1773 477 1826 musto
504 1767 652 1826 contineri
674 1763 771 1826 iubet:
798 1764 856 1825 hoc
880 1765 1008 1824 colatum

96 1861 182 1932 putat
209 1853 338 1914 dandum
365 1855 444 1914 vitiis
472 1855 604 1914 saucium
632 1853 777 1916 stomachi
805 1855 910 1932 capitis
938 1870 1007 1913 ocu·

96 1942 208 2024 lorum,
226 1944 340 2021 potioni
359 1942 482 2002 modum
499 1945 602 2004 statuit
621 1949 765 2020 quantum
779 1959 884 2001 manus
903 1940 1007 2019 plenae

171 2300 236 2352 iet
252 2299 353 2352 humor
376 2298 511 2366 (umor‘c)
533 2301 599 2368 θυῖε
622 2299 723 2353 humor
742 2301 802 2368 (om.
823 2300 861 2366 et)
879 2299 925 2353 rh.
981 2300 1115 2367 tatone:

98 2371 151 2423 aut
168 2387 190 2424 r.
237 2377 255 2424 4
273 2368 414 2425 loetaliter
430 2385 469 2438 θυ
488 2370 642 2442 (lethaliter
655 2371 692 2439 υ),
711 2369 816 2424 loetale
833 2369 888 2424 iter
906 2371 922 2424 l.
939 2369 944 2438 1
959 2369 1076 2438 pthisim
1090 2387 1116 2438 o,

97 2439 196 2510 ptisim
209 2457 240 2520 θ,
259 2439 355 2510 ptysin
367 2440 451 2510 l(rb).
500 2445 516 2494 6
530 2439 685 2496 iecinorum
699 2442 767 2548 rlpm
791 2447 806 2495 7
820 2440 961 2510 ydropicis
973 2457 1003 2510 θε
1023 2441 1115 2494 hidro-

98 2552 180 2625 (ydro
194 2552 295 2622 l)pieus
313 2555 354 2609 υῖ.
375 2554 379 2621 l
404 2553 533 2608 innatans
555 2555 654 2623 peon:
682 2555 800 2608 mtmtue
825 2554 880 2621 (sic
901 2555 1074 2622 suprascr.)
1098 2555 1115 2621 l,

97 2623 233 2678 minitans
251 2625 296 2679 rb.
318 2626 322 2692 l
342 2623 400 2680 iam
417 2624 531 2694 pecu-m:
559 2627 620 2679 tum
638 2625 682 2680 rh.
743 2623 949 2694 Sleihargicos
968 2622 1049 2693 (Pl.):
1078 2623 1116 2677 le-

97 2696 213 2764 thargos
230 2697 284 2764 θυῖ
302 2697 343 2764 (b,
361 2695 507 2766 lythargoa
525 2698 559 2764 υ).
610 2703 626 2751 9
646 2695 751 2765 sinapi:
769 2695 810 2750 sic
827 2695 956 2764 θυῖ(υῖ)).
974 2696 978 2762 l
994 2695 1047 2749 fico
1065 2710 1116 2764 θυε

97 2767 154 2820 ficu
173 2767 265 2836 l(rb).
282 2769 286 2835 1
303 2766 383 2821 arida
400 2769 515 2836 petto:
535 2767 624 2823 ariole
642 2768 686 2821 rh.
735 2771 767 2820 10
785 2766 845 2821 Nos
863 2767 928 2836 θυῖε
952 2765 1034 2820 Nunc
1053 2765 1116 2838 rhl
1202 2763 1212 2780 ⁰

97 2835 216 2892 interius
235 2838 251 2892 ῖ.
317 2844 349 2892 11
374 2838 528 2894 admixtus:
548 2837 597 2892 -tis
619 2838 753 2908 poltri).
775 2839 779 2906 Ι
804 2853 878 2910 aque
902 2841 986 2907 (aque
1004 2838 1045 2908 υῖ)
1065 2879 1071 2892 .
1088 2879 1117 2891 ..

97 2905 178 2963 melli
195 2911 261 2977 θυῖε
281 2925 355 2978 aqua
376 2950 426 2964 ...
445 2910 529 2966 melle
548 2910 593 2964 rh.
653 2914 686 2962 12
706 2908 832 2979 exegerit
848 2910 915 2978 θυῖε
944 2907 1033 2978 exigit
1050 2909 1094 2963 rh.
1113 2909 1116 2981 l

97 2979 177 3034 aliud
196 2979 272 3048 quod
289 2981 405 3049 peter:
434 2980 505 3035 elius
525 2980 637 3050 quirh.
659 2984 663 3049 Ι
689 2996 723 3035 ex
740 2980 807 3049 θυῖε
834 2995 885 3034 oon.
903 2979 948 3034 rb.
1005 2985 1038 3033 13
1057 2979 1117 3034 hic:

96 3051 152 3105 hoc
166 3050 216 3105 hm.
233 3052 237 3118 Ι
253 3049 391 3106 inaruerit
407 3050 573 3122 (inharuerit
585 3054 613 3122 θ)
631 3052 697 3121 θυῖε
716 3050 884 3106 inhaurierit
897 3052 953 3121 hm,
972 3066 1118 3130 expressus

95 3121 186 3176 fuerit
201 3123 246 3178 rb.
302 3128 337 3177 14
354 3122 504 3178 mandatur
521 3125 565 3178 υῖε
583 3123 736 3177 mundatur
754 3123 826 3191 (cum
842 3139 863 3175 u
880 3138 914 3176 eac
932 3140 950 3177 a
968 3125 1073 3192 operto)
1091 3139 1117 3192 θ,

95 3191 236 3248 illiciatur
253 3194 298 3248 rh.
320 3195 325 3262 Ι
349 3193 575 3264 Elegans-(lt)
594 3210 660 3248 nam
678 3194 744 3262 θυῖε
772 3193 876 3262 Fitque
898 3194 1012 3262 elegans
1031 3209 1065 3248 ex
1084 3209 1120 3248 eo

96 3262 258 3318 antidotum
275 3263 349 3320 sicut
362 3264 507 3320 docuimus
533 3266 583 3333 (sic
601 3265 773 3320 dissimulato
795 3266 905 3322 nomine
919 3265 1022 3334 Ρῖῖυῖῖ)
1036 3265 1080 3318 rb.

97 3339 133 3389 16
156 3334 262 3390 semitae
374 3335 517 3391 radicibus
538 3353 562 3390 υ.
623 3341 656 3391 16
679 3335 710 3389 in
727 3337 820 3391 musto
839 3352 889 3406 θυε
917 3335 977 3391 vini
995 3333 1080 3388 musti
1099 3335 1121 3401 ῖ,
1184 3397 1186 3404 y

95 3407 128 3460 iu
157 3422 253 3461 musco
280 3407 356 3475 rhl
385 3406 521 3462 contineri
540 3437 574 3446 *
592 3408 675 3477 putat
695 3407 762 3476 θυῖε
795 3422 845 3463 oon.
874 3407 919 3462 rb.
988 3411 1021 3460 17
1050 3404 1117 3459 dan-

4 3503 5 3542 3
96 3477 165 3531 dum
192 3479 259 3548 θυῖε
287 3477 332 3546 (in
358 3480 468 3549 musco)
496 3478 579 3534 datur
600 3479 646 3536 rh.
728 3483 762 3533 18
785 3477 901 3532 modum
929 3475 1029 3541 statuit
1050 3476 1123 3544 θυῖε

4 3555 5 3614 l
95 3549 181 3673 mlodo
209 3550 315 3675 siptuto
342 3550 390 3603 rh.
423 3549 426 3620 l
459 3549 559 3619 plenae
593 3550 659 3623 (ne
686 3565 717 3618 θ,
749 3566 801 3604 ·ne
829 3550 853 3620 l)
885 3563 1015 3604 mensura
1042 3547 1121 3616 θυῖε

94 3635 182 3690 pena
208 3637 253 3674 υ.
