2620 4040
301 1207 470 1274 Medicinis
498 1227 535 1272 ec
563 1204 706 1290 Gorqilio
733 1208 881 1289 excerptas

83 1350 149 1405 hoec
161 1363 195 1404 ex
209 1348 346 1402 communi
357 1348 432 1415 fonte
445 1347 617 1417 moinum
629 1346 688 1402 cod.
697 1344 727 1401 S.
738 1345 811 1401 Gau.
822 1351 874 1401 572
885 1347 927 1414 (p.
938 1352 989 1401 129
998 1378 1029 1385 -
1038 1351 1100 1414 133>

233 1441 259 1491 ei
276 1437 334 1491 cod.
352 1435 443 1506 Incyd.
468 1435 544 1493 Voss.
561 1440 611 1491 oei.
630 1441 664 1490 92
683 1435 719 1502 (f.
740 1435 950 1506 ioci-lom:

284 1661 372 1718 m.
408 1663 457 1718 Do
479 1661 560 1718 vino
583 1663 714 1720 costato
736 1661 904 1720 iaciendo.

152 1799 260 1878 Accipe
289 1805 405 1859 costum
432 1805 463 1858 ei
489 1815 584 1878 purga
607 1798 680 1859 illud
707 1798 840 1859 radendo
867 1802 1009 1862 comicem
1035 1803 1099 1861 cius

85 1898 120 1951 ut
142 1888 216 1950 nihil
239 1889 332 1948 amari
353 1889 384 1947 in
403 1906 438 1946 eo
458 1895 619 1948 remaneat.
655 1893 720 1948 t‘um
738 1888 828 1948 ieriio
848 1895 879 1948 ct
898 1890 1013 1949 cernito
1037 1888 1101 1950 dili-

86 1979 268 2058 geniissimc.
305 1975 411 2038 deinde
435 1993 519 2037 sume
542 1983 675 2037 mustum
699 1975 776 2037 iorie
804 1984 835 2036 et
862 1976 962 2056 dulce,
990 1979 1031 2038 ita
1054 1996 1100 2038 re·

86 2085 159 2128 cens
187 2072 221 2127 ui
248 2065 353 2127 eodem
381 2065 428 2125 dic
452 2066 491 2125 sii
514 2083 703 2147 expressum,
731 2071 762 2125 et
789 2067 873 2126 mitte
900 2065 969 2126 inde
997 2067 1102 2126 iuvas

60 2166 196 2216 ⁵novum
219 2154 296 2215 bene
317 2155 449 2233 picatum
467 2153 582 2214 modios
606 2153 771 2215 duodecim.
807 2155 839 2214 in
858 2154 936 2234 quod
960 2153 998 2216 de
1017 2163 1102 2216 cosio

87 2243 208 2305 dimidia
244 2241 319 2303 libra
350 2240 495 2303 mittenda
527 2249 585 2324 est,
623 2242 736 2304 scilicei
769 2261 825 2322 per
857 2262 1101 2324 unumquemque

87 2333 219 2393 modium
245 2330 363 2411 pondus
390 2331 582 2393 denariorum
608 2331 774 2394 duodecim.
821 2341 886 2394 tum
913 2352 964 2395 vas
993 2333 1101 2395 inmis-

86 2423 161 2483 sime
184 2419 381 2482 claudendum
409 2426 456 2480 est
483 2427 514 2481 ei
541 2421 664 2500 triginta
685 2420 732 2481 uel
760 2422 953 2502 quadraginta
975 2423 1039 2483 dies
1062 2424 1104 2483 ita

87 2509 304 2571 dimittendum.
355 2511 463 2570 simum
495 2515 595 2570 tamen
627 2527 693 2569 esse
726 2509 815 2570 debet
845 2510 977 2590 palmum
1008 2529 1103 2572 unum

49 2613 75 2652 io
86 2607 211 2679 propter
238 2599 387 2658 fervorem
409 2599 509 2660 musii.
546 2597 636 2676 aliqui
659 2599 782 2659 mittunt
809 2600 841 2658 in
864 2597 987 2659 eandem
1011 2601 1102 2660 musti

88 2705 259 2749 mensuram
281 2688 357 2748 cosli
379 2685 497 2768 libram,
521 2686 613 2766 aliqui
634 2684 740 2746 libram
764 2693 794 2746 et
816 2685 975 2764 dimidiam.

87 2923 193 2981 Lm
217 2923 392 2980 confectio
410 2895 608 2994 liquaminis
626 2923 721 2994 quod
739 2885 949 2992 oenogerum
966 2926 1101 2981 vocent.

156 3059 321 3142 Gapiuntur
342 3035 441 3140 pisces
464 3068 570 3123 natura
592 3062 733 3140 pingues,
755 3066 790 3120 ui
808 3066 879 3121 sunt
901 3059 1049 3123 salmones
1073 3067 1103 3122 et

88 3149 234 3229 anguillae
262 3157 292 3210 ei
319 3149 436 3210 clausae
459 3156 490 3209 et
517 3149 653 3210 sardinae
680 3147 726 3209 vel
754 3150 862 3229 aringi,
891 3157 920 3211 et
943 3150 976 3211 iii
999 3169 1036 3212 cx
1059 3153 1104 3210 eis

161 3392 203 3448 iit.
231 3393 388 3448 oostadoo.
457 3397 540 3448 5111.
559 3407 584 3446 o.
646 3396 668 3445 ‚7
688 3407 781 3446 xmo.
850 3395 1023 3446 8xxxixa
1042 3407 1066 3446 o.

90 3468 106 3517 9
126 3461 228 3518 simum
246 3479 306 3533 euos
325 3479 433 3519 semum
450 3479 498 3532 co.
559 3463 602 3517 tit.
630 3463 1055 3533 omogerumc,homocari1o.

90 3539 125 3662 {3
135 3533 422 3676 ξῧυὶἰρὲἳὶὲῗίηςίυ
436 3534 481 3604 (cf.
495 3546 567 3604 quoe
578 3533 642 3590 aiei
654 3535 686 3588 in
699 3538 751 3590 oei.
763 3535 832 3603 pha.
846 3534 930 3589 imer.
945 3532 1108 3603 „Hcomea“

144 3707 212 3749 Plinii
226 3709 319 3750 iuniorn
333 3707 451 3750 medicine„
913 3699 946 3748 14
