2610 4040
510 222 729 286 -69-

114 393 231 446 coctae:
266 387 346 465 pisas
375 402 443 445 cum
466 385 525 446 sale
556 392 586 445 et
613 385 738 465 pedibus
765 388 860 465 ponis
888 391 903 424 *
927 389 986 457 (om.
1006 389 1031 457 r)

112 474 282 536 lenticulam
325 476 447 554 copule,
492 474 565 534 teris
607 475 729 535 adiectis
765 473 860 535 mellis
888 481 903 514 *
927 478 987 545 (cm.
1006 478 1031 545 r)

113 561 297 624 coclearibus
320 561 418 623 tribus
441 561 619 642 etpedibus
642 565 777 643 imponis.
810 582 859 624 ur·
888 574 975 638 30,78.

112 654 171 712 tica
193 654 264 712 trita
287 669 356 711 cum
378 649 582 712 columbarum
605 654 747 731 sauguine
772 670 860 732 appo·
986 647 988 652 ’

84 743 203 802 suitur.
241 738 325 820 adipe
349 739 433 801 vituli
453 743 560 801 marini
580 741 671 820 pedes
689 755 860 821 perungun·
888 753 993 816 32,110.

113 839 174 909 tur,
192 831 278 890 cuius
292 837 323 889 et
342 827 470 908 pellibus
485 829 602 890 calciari
616 830 743 910 expedit.
771 848 860 890 ranae
888 833 1016 905 (32‚111.)

114 920 265 996 aquaticae
293 918 458 997 discerptae
487 917 612 980 subinde
643 927 779 980 recentes
807 921 860 979 irn-

112 1013 275 1087 ponuntur.
311 1006 383 1066 lenit
407 1014 438 1067 et
464 1006 600 1086 plantago
629 1027 697 1068 cum
726 1009 860 1086 autrngia.
889 1010 1015 1082 (nolet.)

113 1095 202 1155 limus
234 1097 387 1174 aquaticus
418 1113 487 1155 cum
519 1095 584 1156 cleo
613 1095 753 1157 subactus
786 1099 860 1155 mire
888 1097 1017 1170 (talou)

75 1198 100 1238 to
113 1183 244 1263 prodest.
280 1186 384 1244 ursino
407 1184 506 1266 adipe,
529 1185 646 1245 taurino
668 1203 751 1266 sevo,
774 1202 861 1245 cerac
889 1195 993 1258 28‚219.

114 1275 180 1351 pari
209 1272 341 1351 pondere
374 1272 506 1333 decoctis
538 1281 672 1334 utuntur.
716 1272 862 1334 bubulum
923 1274 961 1329 ib.

114 1362 216 1422 sunum
245 1379 313 1422 curn
340 1363 417 1422 aceti
446 1362 527 1422 faece
547 1362 757 1441 magnificant.
800 1361 861 1421 fimi
889 1371 994 1436 28,220.

114 1451 228 1529 caprini
255 1450 331 1510 cinis
359 1443 427 1510 cum
454 1452 579 1529 axungia
602 1459 702 1512 vetere
730 1449 862 1530 prodest.

182 1537 255 1599 Cum
270 1546 369 1599 autem
388 1538 524 1618 pluribus
540 1538 763 1618 malagmatibus
777 1549 861 1601 utan·
934 1543 949 1576 *

75 1640 100 1680 1⁶
114 1636 165 1688 tur
193 1627 305 1706 alqui
336 1627 393 1687 hoc
420 1627 496 1688 malo
528 1627 663 1689 laborant
692 1638 782 1708 prout
813 1628 863 1688 illa

114 1716 192 1796 apud
208 1733 449 1795 unumquemque
465 1717 651 1778 commendat
669 1719 862 1778 monstrantis

115 1807 290 1886 auctoritas,
321 1823 429 1883 ponam
457 1808 700 1885 compositionem
734 1805 770 1866 de
805 1823 862 1885 qua

114 1911 203 1954 nemo
227 1896 278 1972 qui
300 1911 374 1954 usus
392 1901 439 1954 est
458 1902 580 1973 questus
601 1902 655 1954 est.
692 1896 767 1973 picis
790 1892 862 1954 brit·

114 1985 174 2044 tiae
204 1984 309 2043 unciae
332 1997 356 2043 v
379 1991 409 2043 et
423 1983 561 2062 ‘scripuli
583 1997 649 2064 vn,
677 1996 862 2061 cerae'pon·

72 2086 99 2126 ro
113 2074 191 2132 ticae
210 2070 403 2152 tantundem,
422 2074 538 2132 resinae
556 2073 660 2132 frictae
679 2070 863 2151 tantundem,

114 2153 231 2240 galbani
255 2158 274 2214 lt
298 2174 349 2240 xr,
372 2162 546 2221 ammoniaci
569 2161 733 2221 semuncia:
766 2161 864 2220 omnia

113 2249 190 2310 baec
207 2249 238 2307 iu
253 2247 361 2308 cacabo
380 2267 455 2309 novo
475 2257 707 2330 componuntur,
730 2267 862 2328 coquun-
937 2255 940 2262 '

113 2347 166 2397 tur
180 2336 216 2396 ad
226 2354 318 2397 unrrm
333 2338 449 2397 fervore
459 2336 545 2398 bono.
567 2341 598 2398 in
609 2339 750 2399 mortario
764 2345 863 2398 autem

114 2434 256 2486 teruntur
281 2424 367 2486 baec:
399 2425 527 2487 euforbii
547 2428 637 2487 uncia
656 2441 682 2508 1,
706 2427 864 2505 stypterias

188 2617 267 2672 laic
288 2617 358 2686 pdb.
427 2614 618 2672 2Lenln‘clum
640 2631 666 2686 p.
688 2617 692 2684 Ι
718 2629 820 2684 coques
834 2616 961 2671 teres...
977 2613 1132 2682 inponescl

114 2689 163 2760 (,·is
185 2689 221 2757 p).
287 2694 302 2743 6
322 2687 399 2744 cuius
418 2690 447 2742 et
468 2688 507 2758 pb
526 2688 607 2756 (Pl.):
636 2689 665 2741 et
687 2685 746 2742 eius
764 2685 790 2740 d.
816 2687 821 2755 1
845 2684 967 2754 pellibus
991 2684 1031 2740 db
1046 2683 1130 2753 (Pala

112 2758 233 2830 pedibus
251 2775 276 2829 p.
332 2760 559 2830 timpanuubur:
578 2773 614 2814 se.
634 2757 670 2812 ad
687 2755 820 2812 articulos
840 2755 886 2810 Pl.
950 2761 984 2812 10
1002 2755 1131 2825 prodest:

112 2847 149 2887 sc.
169 2830 237 2885 talis
255 2830 428 2885 tumentibus
449 2830 493 2885 Pl.
520 2832 524 2896 Ι
549 2845 613 2883 cum
632 2843 712 2884 cerae
731 2847 758 2898 p.
776 2845 804 2897 p.
823 2827 869 2883 rb.
934 2832 966 2882 11
986 2825 1086 2882 bubuli
1103 2826 1131 2881 d.

151 2907 185 2955 15
210 2899 249 2956 ci:
277 2899 307 2956 hi
330 2902 419 2972 pdrb.
498 2906 531 2956 16
559 2905 644 2969 umiq;
668 2900 695 2955 d.
720 2901 724 2969 1
748 2897 930 2954 monstrantis
952 2899 1025 2968 prb:
1053 2912 1132 2953 mon·

112 2973 206 3030 strela
228 2972 254 3028 d.
342 2978 375 3027 11
398 2974 470 3027 hanc
492 2972 710 3042 conpositionem
734 2986 790 3026 eon
812 2970 957 3039 maamad
979 2969 1135 3024 Marcellus

101 3044 180 3114 (aad
204 3043 238 3110 ef.
258 3043 372 3099 mmllem
384 3061 416 3114 p.
436 3044 535 3114 tells).
591 3047 624 3104 18
643 3041 758 3098 brilliae
776 3057 806 3111 p:
824 3040 912 3096 bricia
935 3041 954 3096 d
973 3039 1078 3108 (brutia
1096 3040 1131 3109 b).

167 3120 200 3169 19
223 3112 321 3169 uncias
345 3135 378 3172 .v.
399 3130 417 3184 a
445 3114 577 3185 (quinque
596 3116 662 3185 br),
680 3124 714 3173 ἡ·
726 3133 751 3168 v.
771 3113 802 3182 d,
821 3111 917 3168 undas
936 3127 984 3167 sex
1001 3112 1045 3167 rb.
1070 3113 1074 3178 Ι
1104 3111 1135 3165 el

111 3221 231 3305 scripuli
249 3242 297 3277 vn.
317 3223 376 3292 (eie)
395 3237 424 3292 p,
445 3224 473 3277 et
491 3199 547 3294 adp.
571 3241 619 3306 vn.
644 3221 663 3276 d
686 3222 732 3304 (el¹
744 3220 887 3290 scrupulos
911 3219 1020 3289 septem
1043 3219 1078 3287 b).

111 3300 150 3348 20
170 3293 258 3348 lruee
275 3309 299 3349 r.
343 3299 382 3363 ,21
404 3302 419 3344 a
435 3308 508 3376 3¹9⁹
527 3293 547 3364 3
561 3294 654 3375 (111ερ
669 3297 747 3376 etnscc
759 3292 872 3362 semper)
886 3310 915 3345 11
928 3290 960 3345 d:
979 3289 1133 3359 ecry(u)pu-

110 3365 158 3419 los
176 3384 205 3418 xl
223 3364 294 3432 rb}
320 3380 490 3420 semunciam
513 3380 543 3434 p,
572 3379 753 3420 scmmncmm
779 3362 868 3431 well.
932 3367 965 3415 23
993 3360 1132 3442 servorem

109 3437 220 3491 bonum
247 3435 337 3504 port.
428 3441 463 3489 24
491 3433 736 3505 Sypterieescistes
763 3450 793 3503 p,
828 3431 944 3502 sipterio
973 3430 1085 3486 crustas
1104 3425 1133 3510 ,d

112 3505 275 3631 (sttypliiriae
299 3509 406 3577 scystos
429 3508 480 3576 rb,
511 3505 643 3576 sipbcn'ae
666 3522 702 3560 sc.
727 3505 784 3573 bm).
821 3520 909 3573 attpro
936 3501 1015 3556 aecta
1041 3508 1072 3569 9⁰
1102 3497 1135 3553 id

112 3595 146 3633 es
179 3592 301 3632 cumen.
763 3612 765 3616 -
