2610 4040
496 246 626 315 ..51
674 284 716 292 -

99 409 220 490 stagneo
244 413 383 490 coquitur
407 419 436 472 et
465 415 561 473 ventri
587 410 731 473 inlinitur.
769 412 848 473 etsi

97 499 279 562 exulceratio
302 518 361 560 non
385 503 436 582 sit,
465 509 581 562 ostreae
611 519 646 562 ex
676 499 772 561 mulso
796 499 845 560 de·
874 511 961 574 anet.

96 597 199 650 coctae
219 589 357 650 eduntur.
385 589 429 650 lac
448 589 593 652 bubulum
611 591 696 669 potui
714 587 857 669 prodest'
873 600 978 663 28‚211.

95 681 145 738 ius
172 679 301 758 piscium
328 680 546 740 maritimorum
576 681 608 740 in
631 679 731 758 patina
758 678 844 739 deco·
873 689 978 753 32‚101.

66 783 79 822 e
95 775 214 828 ctorum
228 785 297 828 cum
310 767 434 829 lactucis
452 767 592 830 sorbetur
606 776 657 829 aut
674 785 750 846 pano
765 765 845 828 colli·

94 858 185 936 gitur.
220 855 308 917 bolus
332 855 443 934 [idest
466 855 578 934 caules]
604 857 769 918 discoctum
784 855 844 916 edi·
873 865 960 930 toas

94 955 147 1006 tur
175 963 244 1006 cum
271 945 339 1007 sale.
377 964 452 1026 aqua
480 947 593 1007 marina
621 964 658 1006 ex
686 943 745 1007 alto
772 944 844 1005 hau·
872 955 959 1020 anet.

93 1035 186 1115 ritur,
219 1041 354 1096 servatur
381 1038 413 1094 in
441 1043 632 1118 vetustatem,
664 1037 743 1095 vires
774 1031 843 1094 inde

93 1122 301 1202 deponuntur:
331 1123 444 1185 bibitur
477 1143 545 1185 oum
572 1127 640 1185 vino
673 1131 724 1185 aut
751 1131 844 1202 aceto,

53 1212 432 1291 1ovomitupraeoedente.
464 1230 570 1292 aquam
592 1213 736 1272 marinam
754 1210 845 1289 aliqui
865 1215 959 1285 “ripn

92 1317 152 1379 per
169 1317 199 1360 se
215 1299 296 1382 dant,
311 1301 363 1362 sed
377 1301 524 1382 raphanos
535 1301 726 1381 supermandi
739 1297 845 1361 iubent
868 1337 871 1343 ·

93 1407 133 1448 ex
154 1387 249 1450 mrdso
269 1397 353 1451 aceto
372 1400 406 1452 ut
420 1397 562 1453 vomatur.
589 1388 765 1470 pulticulam
784 1387 844 1449 sili·
916 1391 931 1425 *

92 1479 173 1556 ginis
192 1478 298 1540 salsam
315 1478 392 1540 bene
416 1482 480 1541 sine
502 1479 567 1542 oleo
585 1479 730 1541 edendam
752 1473 843 1538 dabis.

161 1679 204 1736 X.
227 1649 468 1747 bysenteneie.
564 1675 569 1686 '

160 1797 270 1858 Holera
293 1799 424 1860 discocta
443 1816 511 1860 cum
533 1799 592 1860 sale
617 1795 755 1859 eduntur.
787 1814 843 1876 per
915 1800 931 1834 ¹²

12 1915 14 1920 ,
53 1900 76 1941 1⁵
91 1904 126 1947 se
149 1885 234 1947 bulbi
255 1889 319 1950 triti
342 1887 450 1949 dantur
468 1889 499 1948 in
517 1890 586 1950 rino
604 1895 738 1954 austero:
759 1888 842 1966 potio
870 1895 975 1958 tutor.

89 1978 237 2037 miscetur
261 1977 382 2038 caelesti
405 1993 489 2056 aqua.
526 1984 644 2038 coctum
663 1977 793 2037 ocimum
811 1976 842 2034 in
870 1983 974 2047 nopes.

90 2064 161 2126 cibo
185 2063 280 2137 datur.
317 2072 385 2127 ruta
404 2083 473 2126 cum
491 2083 578 2126 caseo
596 2067 705 2128 teritur
724 2065 755 2123 in
774 2064 842 2123 rino
869 2073 974 2137 eopse.

89 2157 124 2214 in
146 2154 269 2215 modum
297 2155 405 2216 moreti
433 2161 464 2215 et
491 2156 532 2215 ita
560 2154 666 2215 editur.
704 2169 772 2214 cera
796 2168 841 2212 re·
870 2161 974 2225 raptu

90 2245 184 2302 missa
211 2245 243 2303 in
269 2245 390 2322 potione
419 2243 520 2306 datur:
550 2241 617 2321 puls
645 2243 678 2303 m
705 2259 742 2303 ex
768 2239 842 2301 alica

163 2471 180 2518 2
199 2465 223 2520 si
241 2467 460 2523 exulcerationes
479 2467 504 2524 ὁ.
521 2484 548 2537 9,
571 2465 595 2522 si
613 2465 783 2523 exulceratio
804 2463 831 2520 il
841 2478 876 2527 a:-
896 2464 1003 2534 (tionis
1021 2465 1110 2536 est)d

89 2536 124 2606 (si
143 2553 187 2591 ex.
211 2535 249 2591 sit
270 2537 325 2609 rb).
362 2540 409 2594 sed
427 2539 462 2607 cf.
482 2539 527 2594 Pl.
546 2543 572 2592 ct
590 2538 633 2595 M.
670 2539 735 2607 fort.
754 2538 836 2593 etiam
854 2535 879 2592 si
897 2534 956 2590 sine
980 2536 1030 2604 (sic
1049 2536 1107 2606 Pl.)

89 2607 297 2664 exulceratione
316 2607 360 2664 sit.
386 2611 391 2678 1
415 2609 507 2665 mulso
525 2626 555 2679 p:
573 2608 663 2664 mulso
681 2611 712 2679 d,
732 2624 775 2662 -sn
793 2608 817 2662 b.
880 2611 897 2661 3
916 2605 974 2660 Luc
991 2606 1108 2676 prodest

88 2677 191 2734 bubuli
203 2678 284 2748 potui
297 2680 437 2750 ospicium
449 2681 655 2736 maritimarum
669 2681 728 2750 (sie)
742 2680 769 2734 d.
790 2680 794 2746 1
814 2677 944 2747 pontum
956 2676 1071 2746 prodest
1079 2678 1104 2734 b.

124 2749 290 2819 tpstinam
309 2752 334 2805 d.
409 2749 518 2808 oidest
540 2752 569 2821 (i.
589 2753 617 2821 d)
641 2751 735 2806 caules
752 2750 795 2819 qd
813 2750 854 2818 (t)=
878 2763 928 2804 ora.
948 2749 1021 2818 rb!
1051 2748 1106 2805 dis·

89 2822 356 2892 coctusd(·tr'19)‚
382 2823 426 2878 bis
444 2825 555 2886 ,coctam
573 2822 746 2892 (brassicam)
772 2820 818 2875 Pl.
891 2826 907 2875 8
927 2820 1054 2876 servatur
1077 2821 1108 2876 in

87 2910 113 2948 v.
133 2893 218 2947 mam
237 2893 276 2946 M
292 2894 349 2962 (rel.
369 2897 444 2964 om),
463 2895 644 2963 servaturque
659 2894 692 2948 nt
704 2893 844 2948 vetustate
863 2891 937 2946 vires
956 2890 1107 2962 accipiatr

88 2963 241 3032 (vetustate
259 2963 337 3020 uirus
356 2964 543 3035 deponentem
562 2964 627 3034 Pu).
678 2970 694 3019 9
713 2962 895 3034 imponuntur
911 2963 955 3032 qd
973 2964 1017 3032 (ut
1032 2962 1107 3020 vires

86 3034 153 3090 inde
176 3033 358 3103 imponentur
376 3037 436 3107 br).
462 3038 466 3104 Ι
496 3037 581 3106 ruta
604 3035 686 3106 (Pl.):
714 3037 744 3090 et
764 3035 811 3090 db.
887 3039 921 3089 10
939 3033 1106 3104 precedente

86 3104 196 3160 vomitu
214 3106 241 3160 d.
315 3113 348 3161 12
367 3107 433 3163 baec
450 3108 549 3162 ultima
566 3107 606 3162 cic
623 3107 703 3162 babet
719 3123 747 3162 r:
770 3107 843 3162 Item
881 3104 1029 3161 nlticulem
1048 3105 1106 3161 sili-

86 3176 162 3246 ginis
182 3193 247 3231 cum
266 3177 324 3232 sele
342 3180 455 3234 tentum
473 3178 533 3233 sins
551 3179 614 3233 oleo
632 3177 758 3246 condies,
783 3178 811 3234 et
871 3175 948 3232 ”cies
967 3193 1013 3251 cer
1055 3178 1106 3248 puss

86 3247 655 3375 nictptdelpi.p1.tpt·agitebizpeplesettseic
667 3249 748 3375 dab?
763 3248 900 3374 ederpdpm
915 3247 976 3317 (cru.
1029 3250 1105 3374 areg.

86 3319 1103 3533 ..leliditortitilirncillllr

86 3531 168 3671 griffi
180 3533 234 3674 d.)
259 3538 292 3588 19
311 3534 374 3604 puls
394 3533 684 3605 tripudiantem:
702 3532 795 3605 pulvis
813 3532 908 3603 peip).
934 3534 938 3600 Ι
964 3547 997 3587 ex
1015 3530 1102 3601 eliac

185 3612 243 3674 Γ·

906 3688 944 3744 4*
