2620 4040
484 227 725 294 ..205-

164 433 285 490 Lvm.
317 433 367 489 De
389 431 502 502 pinea.
1029 489 1085 544 Gal

164 550 356 614 Fortissimus
379 569 417 612 ex
437 550 553 612 nucleis
571 549 657 612 cibus
675 558 722 612 eet
740 557 770 614 et
787 570 909 614 umores
930 553 1115 632 opti-vetet.

98 659 164 704 mos
191 641 286 720 gignit
312 646 342 702 et
370 642 450 702 sitim
478 638 561 702 sedat
590 648 621 702 et
644 639 789 702 stomachi
816 643 1008 704 acrimoniam
1042 668 1088 722 Rl.

98 736 253 809 temperat.
291 736 400 809 purgat
427 731 552 790 urinam
597 736 730 809 praestat
758 729 884 792 antidoti
910 731 1006 792 vicem
1014 743 1103 807 23:14.

101 836 171 880 cum
193 817 297 880 laseris
324 849 363 860 --
388 831 417 899 1,
440 819 513 882 nitri
535 849 578 862 -
597 830 625 898 1,
648 819 758 898 epmiui
782 851 825 864 -
848 833 875 900 1,
897 818 1010 898 palmu-
1056 822 1072 855 *

70 907 196 968 alarum
220 939 263 950 -
286 920 313 967 1:
341 909 440 967 omnia
466 908 498 967 in
526 906 653 985 oxymeli
680 906 812 970 resoluta
833 909 1010 988 oxyporium

99 996 348 1058 iucundissimum
368 1001 534 1076 praestant,
557 996 583 1056 si
601 997 689 1056 uncia
712 996 811 1057 nuclei
833 998 898 1058 triti
920 995 1010 1057 simol

100 1085 269 1164 accipiatur.
297 1101 367 1144 cum
381 1083 447 1145 urls
464 1085 560 1163 passis
579 1082 767 1163 frequentius
781 1083 881 1146 nuclei
899 1085 1012 1164 sumpti

101 1315 197 1373 maoho
219 1313 321 1389 ailquid
344 1314 446 1388 vigoris
461 1311 624 1387 adquirunt,
645 1322 768 1371 ventrem
783 1313 919 1371 molliunt.
954 1330 1010 1370 ma·

101 1409 179 1458 torae
200 1401 325 1457 nutrium
345 1406 376 1455 et
390 1404 554 1474 egeruntur.
581 1413 642 1456 eom
657 1397 759 1456 luerint
774 1397 889 1456 mundae
904 1395 1009 1456 inflant.

60 1500 87 1540 ιο
101 1486 219 1544 cortices
243 1501 307 1542 vero
330 1499 423 1541 earum
446 1483 627 1558 restringunt.

164 1569 253 1627 Nuces
280 1571 367 1627 siccae
393 1567 462 1624 duae
488 1583 551 1625 eum
579 1568 694 1626 totidem
721 1567 779 1628 fiola
809 1577 836 1627 et
863 1585 907 1627 ιι
933 1575 1012 1626 rutae
1030 1571 1086 1642 (88)

101 1654 174 1711 loliis
197 1652 288 1712 addito
309 1652 373 1710 salis
395 1669 480 1727 grano
495 1668 551 1710 uno
566 1652 648 1710 simol
670 1662 866 1712 conteruntur:
890 1653 1011 1712 aleiuoo

101 1746 237 1796 comestae
252 1743 348 1795 eontra
362 1739 452 1795 omnia
467 1753 569 1795 verena
591 1747 723 1813 pugnant.
761 1739 843 1796 tritae
858 1754 921 1796 cum
935 1737 1011 1794 corio

101 1839 153 1880 suo
178 1823 207 1879 io
234 1822 363 1880 ombilico
389 1822 495 1896 positae
522 1821 670 1880 lumbricos
699 1822 856 1880 excludunt.
893 1821 958 1880 iolla
981 1837 1013 1878 ex

62 1925 89 1967 ao
104 1911 182 1966 aceto
204 1907 266 1964 trita
289 1903 400 1964 aomlrus
421 1905 552 1963 lostissata
574 1905 698 1963 auditum
719 1906 859 1984 praebent.

477 2003 638 2015 *σε

167 2063 296 2120 Pioorom
328 2059 419 2119 nuclei
450 2059 604 2118 calidissimi
639 2069 710 2118 sunt
753 2062 853 2119 tortior
887 2077 1013 2119 venerem

104 2154 291 2218 commovent,
319 2145 491 2203 stomachum
513 2151 541 2202 et
567 2161 648 2203 renea
670 2146 880 2211 excalelaeiont,
908 2147 1014 2203 urinam

104 2240 235 2309 purgant.
273 2233 391 2289 ervire
417 2229 491 2287 outo
519 2231 607 2305 potati
628 2239 751 2289 ventrem
773 2239 892 2290 movent
928 2229 1016 2288 liter

106 2317 202 2375 eodem
224 2317 384 2392 oxyporiom
407 2309 492 2371 utilez'
518 2315 607 2373 nuclei
634 2317 744 2391 purgati
764 2315 852 2374 lasere
873 2317 947 2374 ultre
969 2333 1016 2392 ey·

66 2417 92 2458 ao
106 2403 180 2460 mlno
206 2399 332 2477 palmulis
358 2399 482 2457 oomirtie
504 2415 565 2458 oum
583 2401 673 2472 melle
699 2400 812 2460 dantur:
842 2400 1015 2478 flegmaticus

106 2495 194 2545 curat.

479 2567 640 2578 *-

172 2622 221 2674 De
237 2620 420 2684 palmarum
437 2617 553 2682 pomae

170 2711 321 2770 Palmarom
345 2709 527 2769 thebaicarum
541 2710 584 2768 vel
606 2711 772 2769 nicolaerum
794 2727 875 2786 poma
896 2711 951 2769 hoc
972 2718 1015 2768 eat
1033 2706 1090 2775 (98)

108 2795 207 2872 dactyli
235 2797 336 2855 hahent
362 2795 465 2871 aliquid
492 2795 599 2854 caloris.
636 2796 707 2854 coeti
734 2797 762 2854 io
784 2797 846 2854 vino
875 2795 932 2852 elati
958 2803 1017 2852 sto·

108 2915 323 2928 -.-.--.--

180 3016 424 3075 lFor'ciaaimieo.
441 3016 593 3087 {humorea
611 3015 657 3071 laic
674 3017 733 3087 (paci
749 3016 1016 3086 einehaempem.
1061 3019 1124 3072 aet

108 3091 248 3160 (ιὲοιι.9)
252 3089 322 3145 old:
341 3089 438 3144 eorl»
501 3087 860 3158 aeturinampurgatd
885 3088 1123 3172 lpraeatet-(l)

107 3161 397 3243 frequentimomd.
465 3159 1082 3244 4ete.-—.19(r‡›r.i):1tneieunerb.

108 3239 125 3288 5
148 3247 221 3302 quea
243 3229 340 3288 omnio
363 3231 409 3287 rb.
423 3229 589 3357 mimoni
606 3176 677 3299 9υῑ9
684 3161 833 3300 (oxymelle
855 3231 913 3301 rb)
938 3233 943 3299 Ι
968 3230 1124 3301 exiporium

108 3303 320 3374 (emporiume)
309 3302 422 3374 >moun
490 3318 567 3356 mom
584 3302 801 3384 preelpreptant
817 3302 886 3372 pol.
913 3300 1026 3357 iucund.
1044 3317 1125 3383 prea-

108 3376 288 3444 atentoxyp.
305 3375 351 3429 rb
397 3371 564 3430 eunom.
579 3371 841 3456 aecipialnrpola
859 3371 1015 3429 unciam..
1031 3370 1125 3428 meoi-

109 3445 173 3516 prat
189 3446 235 3502 rb
290 3444 477 3501 rcumuvis
494 3445 566 3528 (pe).
543 3442 748 3514 >remuniri
768 3442 974 3515 frequenmm
991 3441 1123 3498 auclore

108 3534 147 3587 pv
175 3514 373 3586 (frequentius.
410 3515 512 3571 Nueler
534 3532 555 3570 e
580 3515 602 3584 l,
635 3446 782 3570 Nuoleir.
804 3530 855 3573 om
878 3512 1053 3585 frequentina
1076 3514 1124 3584 d):

108 3534 212 3645 Nuolei
228 3587 403 3658 frequentius
422 3605 443 3644 a.
461 3587 507 3642 rb.
