2620 4040
986 51 992 60 .

993 61 1069 132 N
1126 107 1137 128 .

1068 131 1172 226 χχ

1181 236 1223 278 ,ἃ

468 279 710 346 -211-

80 457 202 505 saccum
229 444 321 506 coieri
344 445 433 507 debet
455 458 552 524 usque
583 445 619 506 ad
647 444 824 527 claritatem,
848 425 969 508 boens
996 449 1099 509 tamen

81 545 169 594 sacco
190 532 374 595 infundendo
396 539 451 596 est.
489 533 617 613 eliquata
636 549 707 595 vero
731 541 762 596 et
780 535 954 614 refrigerata
977 537 1007 596 in
1026 549 1096 598 rece

8 619 9 628 ’
80 620 159 683 hene
180 623 279 701 picato
302 632 439 686 servatur
460 620 497 684 ad
521 621 643 684 obsonia
666 623 839 685 condienda.

145 1079 187 1146 De
211 1084 295 1146 malis
324 1084 464 1164 epdoneis
487 1081 552 1145 suci
580 1084 727 1148 confectio
757 1085 913 1148 utilissima
937 1093 983 1147 est
1010 1085 1092 1149 iasti-

51 1173 170 1235 ⁵diosis
195 1181 225 1235 et
246 1175 273 1234 is
296 1174 348 1254 qui
366 1192 427 1234 nou
450 1173 591 1252 digenrnt
609 1170 700 1235 cibos.
737 1175 895 1236 conficitur
918 1182 1017 1236 autem
1040 1178 1092 1238 sio.

78 1257 282 1343 <sumuntur>
314 1262 461 1324 malorum
490 1261 691 1342 cydoneorum
722 1266 868 1324 maiorum
898 1271 928 1324 et
956 1265 1093 1327 suavium

77 1354 142 1412 sirei
175 1351 292 1414 sestarii
324 1350 397 1433 duo,
434 1353 483 1420 cui
520 1351 665 1414 admisces
697 1351 756 1413 mei
788 1354 933 1432 optimum
966 1347 1092 1424 alterum

76 1449 207 1523 tantum,
239 1441 315 1502 aceti
346 1459 418 1502 vero
450 1439 607 1502 heminam.
654 1449 684 1502 et
717 1435 791 1503 haec
823 1459 915 1521 super
947 1441 1125 1505 carbones‘

76 1527 214 1591 ardentes
238 1530 342 1610 coquis
364 1527 570 1612 mediocriter,
598 1537 630 1592 et
651 1523 826 1610 despumato
849 1530 933 1593 addis
956 1527 1092 1612 gingiber

36 1632 119 1682 1⁰÷
137 1633 192 1700 111,
214 1619 301 1700 piper
324 1615 425 1696 album
449 1631 492 1682 -t-
510 1633 551 1702 11,
579 1617 675 1680 etsie
697 1621 809 1682 iterum
832 1638 923 1700 super
947 1620 1092 1683 carbones

74 1708 214 1770 ardentes
238 1707 342 1791 coquis
365 1707 402 1776 ad
424 1703 521 1770 mellis
545 1707 778 1788 spissitudinem.

141 1797 198 1858 hoc
221 1796 405 1858 medicamen
428 1815 489 1858 non
512 1789 609 1857 soium
630 1798 657 1858 is
683 1799 735 1877 qui
758 1793 957 1860 desectionem
980 1795 1092 1861 habent

74 1885 219 1948 stomachi
242 1904 331 1966 mam
354 1885 460 1947 Graeci
483 1887 611 1946 atoniam
629 1893 737 1948 vocant
760 1881 855 1966 <utile
879 1883 960 1969 est),
984 1889 1036 1949 sed
1061 1896 1091 1950 et

74 1977 126 2055 qui
150 1975 277 2037 atoniam
300 1974 416 2056 hepatis
438 1976 593 2054 patiuntur
616 1976 696 2037 iuvat
717 1974 861 2037 similiter.
899 1977 1091 2038 manifestum

35 2078 59 2118 1⁵
73 2072 120 2125 est
143 2065 222 2126 enim
250 2065 320 2144 quia
343 2065 468 2142 mammo
492 2065 600 2124 ieiunis
627 2063 692 2124 dari
720 2071 839 2144 oportet
861 2083 957 2146 usquc
981 2058 1017 2126 ad
1041 2084 1089 2126 co-

72 2151 161 2214 clear.
203 2160 292 2214 nocet
315 2160 415 2215 autem
437 2152 511 2214 nihil
533 2145 580 2214 vel
602 2152 724 2215 minime
748 2155 774 2214 si
796 2159 866 2233 post
893 2150 993 2215 cibum
1022 2156 1089 2233 quis

73 2239 171 2320 [erim]
199 2243 332 2323 accipiat.
368 2241 446 2302 bene
474 2241 620 2321 accipitur
643 2244 669 2303 si
696 2240 816 2304 ieiunus
840 2243 977 2324 accipiat,
1009 2244 1089 2305 etsi

69 2338 141 2410 post
172 2347 276 2392 cenam
307 2330 370 2393 vuit
397 2332 552 2410 accipere:
589 2332 736 2411 optimum
764 2337 865 2393 autem
892 2339 1010 2411 tempus
1043 2339 1090 2393 est
1157 2389 1160 2393 .

71 2428 140 2497 ante
169 2419 242 2481 duas
266 2428 317 2482 aut
338 2427 402 2481 tres
425 2418 514 2481 horas
537 2427 571 2482 ut
594 2428 663 2482 ante
691 2419 793 2482 cibum
815 2421 985 2500 accipiatur.
1023 2423 1087 2500 qui·

33 2508 129 2570 robus
157 2517 256 2574 autem
284 2526 321 2572 ex
348 2509 611 2589 distemperatioue
642 2509 750 2570 caloris
777 2508 949 2570 stomachus
976 2511 1088 2589 patitur

70 2597 117 2658 vei
145 2594 255 2676 quibus
281 2609 318 2659 ex
345 2596 494 2659 cholerico
526 2597 652 2660 humore
681 2596 828 2678 repletur,
859 2598 941 2657 iuvat
971 2604 1087 2658 remoto

70 2685 117 2748 rel
141 2683 292 2748 subtracto
316 2685 470 2767 gingibere
494 2693 524 2747 et
545 2688 659 2768 pipere.

139 2773 236 2836 Suous
259 2775 405 2838 malorum
423 2776 625 2856 cydoneorum
645 2775 733 2838 datur
752 2787 820 2836 cum
839 2781 922 2836 aceto
946 2781 977 2835 et
999 2772 1086 2836 melle

141 3006 244 3056 traso
261 3016 285 3056 o.
341 2999 472 3070 tpicato
490 3005 554 3055 oete
571 3016 640 3055 corr.
658 3016 685 3070 9.
736 3000 830 3055 tsine
848 2999 891 3054 tte.
911 2997 956 3068 (cf.
972 2995 1084 3056 Panae.

69 3083 109 3131 xl,
124 3073 179 3141 20).
199 3071 262 3142 (D)e
280 3069 362 3126 melis
380 3087 413 3126 ac
431 3071 539 3126 idoneis
557 3071 629 3126 sucis
649 3072 708 3140 (eie)
727 3087 757 3140 p,
782 3071 824 3126 De
842 3069 925 3125 molis
943 3068 1085 3126 aoidoneic

68 3141 163 3197 socio
187 3143 226 3211 (D
245 3144 331 3198 rubro
348 3143 420 3212 een).
481 3142 559 3198 this
576 3159 623 3212 po.
679 3143 862 3197 caumont-ur
878 3143 936 3211 ipm
954 3141 1084 3214 addidit

68 3212 243 3269 cidoniornm
260 3231 307 3284 po.
364 3219 378 3268 t
399 3230 480 3268 aucus
498 3229 545 3285 po.
571 3218 575 3282 Ι
600 3211 732 3267 admiscis
750 3228 797 3283 po.
852 3219 869 3267 9
888 3212 1085 3281 despumatum

68 3286 123 3352 (tir
142 3287 168 3352 o)
186 3301 232 3355 po.
302 3291 445 3340 10-111.
464 3287 514 3352 ol
540 3301 662 3340 -11.o.
731 3290 764 3338 12
783 3283 1018 3339 medicamentum
1035 3300 1059 3338 o.

67 3355 112 3411 his
130 3372 178 3426 po.
199 3358 203 3423 Ι
227 3356 335 3411 hubent
351 3372 381 3410 o:
399 3355 487 3410 hebet
503 3371 528 3425 o.
584 3359 618 3410 13
637 3354 783 3412 antoniam
801 3356 846 3409 iric
862 3371 880 3424 9
898 3353 1006 3424 (odonia
1024 3357 1058 3424 o).

66 3426 138 3482 utile
161 3430 206 3482 eet
227 3429 286 3497 ipsc
308 3427 414 3484 addidi.
489 3432 522 3481 14
545 3426 635 3497 apetie
659 3443 706 3496 po.
776 3430 808 3480 15
833 3424 912 3480 coeii.
943 3425 1083 3495 (occino)

66 3499 159 3554 Nocet
181 3503 229 3555 etc.
246 3515 293 3568 po.
363 3504 395 3553 lt
421 3514 485 3552 eum
509 3499 568 3569 (sic)
590 3515 642 3568 po,
670 3498 743 3567 qood
765 3497 845 3554 oncis
867 3510 913 3566 eoo
935 3496 1046 3551 inclusi.

68 3575 101 3624 19
112 3571 172 3696 lacm
192 3571 250 3625 trec
273 3585 323 3626 om.
342 3587 368 3626 o.
436 3575 470 3624 21
495 3569 614 3625 colerico
636 3585 682 3638 po.
758 3574 792 3624 2³
816 3565 1081 3637 maestorumque

65 3657 110 3696 me
143 3657 190 3711 po.

868 3723 922 3779 14⁸
