2620 4030
495 245 738 311 ..109-

106 407 176 469 ideo
199 416 343 489 quantum
366 410 503 472 existimo
526 411 608 471 iners
627 416 676 470 est
695 408 786 472 huius
808 427 858 472 na·
886 420 974 487 auso.

106 505 177 558 tura
199 503 233 559 ut
256 514 315 559 non
338 499 434 578 possit
455 499 583 560 transire
607 497 744 562 orbitam.
780 516 859 560 mor·
1030 564 1033 572 ,

106 603 176 648 sum
199 594 378 650 venenatum
404 585 509 669 habet,
537 588 586 648 cui
613 588 657 650 sic
679 589 863 656 occurritur.
976 650 979 656 ,

106 674 265 754 coagulum
281 677 424 755 agninum
443 694 480 736 ex
493 677 561 736 vino
576 674 698 738 bibitur.
730 675 858 755 ungulae
886 685 981 748 ausa..
1006 681 1045 737 ii.

60 774 77 816 ⁵
106 765 250 826 arietinae
278 765 355 826 cinis
378 783 447 826 cum
470 763 555 826 mede
586 766 758 844 imponitur.
794 767 858 844 ipse
887 777 974 842 eope.

105 869 175 914 mus
189 869 316 916 araneus
330 852 463 920 divulsus
475 855 647 932 imponitur.
674 862 756 914 terra
769 871 859 934 mam
921 858 957 915 ab.

104 943 138 1002 in
166 939 263 1003 orbita
286 948 350 1002 rota
381 943 530 1022 depressit
555 942 657 1022 plagae
685 945 857 1022 imponitur.

104 1028 186 1110 talpa
208 1029 358 1110 discerpta
381 1033 553 1111 imponitur.
885 1044 972 1109 aomo.

173 1229 329 1288 XXXVI.
352 1231 480 1288 contra
501 1229 735 1321 phalangium.

172 1347 366 1429 Phalangium
397 1353 557 1433 praecipue
594 1353 625 1411 in
656 1350 856 1430 leguminibus

61 1450 90 1491 1⁰
105 1444 137 1499 et
160 1439 192 1498 in
215 1437 311 1501 hortis
335 1439 524 1522 observatur,
548 1440 600 1500 sed
623 1447 655 1500 et
677 1457 803 1502 araneus
826 1448 857 1502 et

103 1525 162 1588 alia
185 1544 295 1606 genera
317 1527 510 1591 bestiolarum
533 1529 700 1611 mortifera,
727 1545 856 1608 quorum

103 1633 226 1676 morsus
253 1635 313 1678 non
341 1620 512 1680 sentiuntur
543 1618 595 1681 sed
622 1619 742 1698 pruritu
769 1618 855 1680 intel·

103 1703 255 1784 leguntur.
292 1706 434 1768 adversus
456 1707 648 1768 haecomnia
669 1709 772 1768 vinum
794 1725 855 1768 me·
884 1719 971 1782 aoid.

103 1810 175 1853 rum
201 1792 322 1855 bibitur.
366 1804 483 1858 acetum
511 1794 639 1856 calidum
669 1797 702 1856 in
733 1797 857 1876 spongia
884 1807 972 1871 nepo.

60 1892 88 1935 1⁵
103 1899 196 1961 quam
228 1883 407 1963 amplissima
439 1887 615 1965 imponitur,
651 1886 692 1944 ita
728 1891 763 1946 ut
793 1891 856 1945 tres

103 1972 253 2032 sextarios
270 1975 348 2033 aceti
370 1972 488 2056 habeat,
512 1980 677 2034 sextantem
695 1972 856 2053 sulphuris

102 2059 215 2121 radicis
237 2059 365 2124 hederae
389 2080 480 2123 sucus
509 2060 630 2124 bibitur.
667 2079 758 2123 sucus
781 2059 855 2123 bibi·
884 2072 971 2137 2459.
991 2067 1097 2138 abitt.

103 2155 156 2210 tur
176 2166 329 2210 mororum
348 2151 385 2212 de
404 2150 488 2213 rubo.
525 2150 679 2230 gallinacei
697 2149 856 2213 cerebrum
883 2162 971 2227 aeos.

103 2254 176 2298 cum
202 2239 315 2318 piperis
339 2242 445 2319 exigm
469 2240 587 2301 additur
616 2241 648 2300 in
670 2257 780 2319 puscae
803 2259 855 2320 po·

60 2339 88 2382 ao
103 2327 196 2387 tione.
233 2326 294 2388 fimi
316 2328 466 2410 pecudum
488 2331 605 2391 cineres
628 2346 665 2388 en
688 2335 780 2390 aceto.
918 2331 954 2388 ab.

173 2491 347 2586 XXXVII.
362 2515 490 2586 Contra
504 2503 681 2600 serpentes
694 2533 730 2586 et
743 2528 892 2588 hominia

360 2630 505 2674 morsus.

149 2809 153 2816 ι
175 2731 338 2814 Serpentes
355 2737 550 2816 praecipitem
563 2754 697 2820 morsum
714 2736 856 2798 inierunt.

102 2834 183 2904 quos
211 2827 317 2886 sanare
348 2827 380 2886 in
409 2833 550 2906 promptu
579 2834 638 2908 est,
671 2844 739 2888 cum
765 2827 857 2887 'etiam

180 3034 194 3082 1
215 3031 259 3086 eat
271 3029 354 3088 huius
364 3032 481 3096 ¹naainru:
501 3035 531 3088 ei
543 3031 626 3091 huius
639 3034 741 3088 natura
752 3032 827 3102 prb,
845 3034 875 3088 eb
886 3031 970 3088 huius
983 3034 1083 3090 naimo
1096 3034 1123 3092 d.

141 3105 159 3154 3
177 3118 215 3156 m.
233 3101 322 3158 babet
338 3104 552 3166 venenatumd.
577 3106 582 3172 1
613 3103 653 3158 sic
670 3105 724 3174 pd:
748 3103 772 3160 si
789 3103 834 3160 rb.
890 3109 908 3158 4
926 3103 1080 3177 qnagulum
1097 3122 1124 3176 9.

105 3171 110 3244 1
122 3170 261 3241 anguium
273 3174 373 3229 iterum
384 3175 430 3230 rb.
476 3180 492 3229 'l
499 3174 601 3240 ‚orbita
613 3175 663 3229 rb:
682 3176 753 3233 -iam
764 3175 814 3244 qd.
862 3180 878 3229 e
892 3174 1066 3248 Phalangius
1077 3177 1124 3232 ab:

143 3247 178 3298 10
197 3247 315 3310 manem
331 3245 489 3315 pros-nea
506 3247 533 3302 d.
581 3252 612 3300 11
632 3246 786 3304 besuam
803 3247 831 3302 d.
878 3248 1124 3317 limorsusprb.

103 3317 201 3368 morsis
219 3316 245 3370 d.
302 3321 337 3371 14
353 3316 474 3374 Acetum
492 3317 616 3373 calidum
632 3316 663 3372 in
681 3315 801 3388 spongia
817 3317 855 3372 rb
870 3316 951 3388 (Pl.):
970 3319 1059 3374 Aoeto
1078 3335 1124 3372 ca·

6 3385 7 3420 l
103 3383 198 3440 lidum
224 3386 287 3456 (sic,
313 3387 406 3447 calido
429 3389 459 3458 d)
482 3387 601 3460 spongia
624 3389 674 3459 φά.
738 3394 776 3452 16,
795 3389 1047 3453 sexcentenum:
1069 3405 1124 3446 sex

102 3456 218 3511 tantum
236 3457 296 3530 (ric)
314 3476 340 3529 p.
395 3465 430 3525 19
448 3459 573 3523 additur:
595 3459 745 3516 Adduntur
815 3459 889 3531 qood
907 3461 945 3515 ad
965 3473 1034 3530 seqq.
1053 3460 1123 3514 mole
1173 3501 1174 3508 ,

103 3527 233 3598 traduat)
251 3531 342 3612 qdod.
387 3536 423 3586 20
441 3533 531 3602 suppl.
546 3547 580 3589 cc
596 3532 641 3588 Pl.
655 3530 841 3588 inliuuubna·
868 3531 910 3586 iit.
926 3530 970 3588 Ad
984 3529 1122 3602 serpentis

103 3599 137 3653 et
155 3597 277 3656 hominis
295 3603 465 3668 morsumd.
734 3658 737 3664 .
762 3659 765 3666 ,
