2620 4040
566 284 609 294 ...
654 248 809 314 204.-

356 453 460 510 LVH.
492 455 542 511 Do
564 465 663 511 nuos.

206 564 269 622 Gal·
359 571 427 633 Nux
451 572 554 633 viridis
572 579 677 652 utpote
697 572 794 633 adhuc
817 571 979 650 aquatioris
1003 573 1118 632 umoris
1142 579 1206 651 sty·
1291 593 1292 600 ¹

189 641 374 741 W’mptica
396 668 428 721 et
446 660 553 739 frigida
576 662 686 722 virtute
710 667 860 722 censetur.
895 665 996 739 potest
1018 659 1148 739 denique
1173 670 1205 722 et

216 795 255 850 Pl
291 749 443 811 stomacho
467 748 577 828 aliquid
600 751 710 828 rigoris
738 749 896 828 adquirere
919 755 950 809 et
972 755 1109 810 ventrem
1131 767 1204 810 cum

198 836 276 934 235'7
291 857 362 918 garo
387 845 505 918 sumpta
527 837 652 898 mollire.
679 856 773 899 nuces
792 839 888 898 siccae
909 837 985 898 dnae
1006 855 1075 898 oum
1095 840 1205 898 caricis

196 939 278 1006 (149).
293 925 409 988 duabus
428 933 459 987 et
476 928 580 1005 viginti
599 935 683 988 rutae
703 925 781 986 loliis
795 925 895 986 addito
910 925 980 986 salis
997 943 1090 1005 grano
1112 926 1235 987 slmul⁵

295 1021 505 1076 conteruntur:
536 1014 626 1076 nullis
648 1016 770 1076 venenis
798 1015 927 1096 opprimi
952 1015 1064 1094 poterit
1090 1031 1126 1076 ea
1155 1015 1204 1076 die

292 1121 349 1183 qua
381 1105 508 1183 quisque
539 1106 658 1165 ieiunus
691 1105 848 1184 acceperit.
892 1105 971 1176 inter
998 1102 1139 1164 kalendas
1173 1113 1206 1165 et

228 1196 244 1230 *
289 1192 358 1254 idus
385 1191 471 1253 iulias
494 1199 615 1254 centnm
641 1209 768 1254 numero
796 1209 889 1254 nuces
917 1193 1018 1253 statim
1040 1199 1074 1253 ut
1101 1191 1207 1253 arbori

291 1281 427 1361 demptae
460 1287 530 1342 sunt
561 1283 673 1343 cortice
705 1280 884 1343 adhaerente
917 1288 1105 1360 quassantur.
1155 1280 1206 1342 nis

291 1369 493 1431 admiscentur
521 1369 658 1432 aluminis
686 1371 772 1430 scissi
800 1369 892 1430 librae
920 1377 982 1430 tres
1009 1377 1041 1431 et
1068 1371 1100 1430 in
1123 1388 1204 1430 novo
1219 1381 1248 1422 ιο

291 1458 374 1519 fictili
396 1475 466 1519 raso
488 1466 650 1538 ponuntur.
696 1458 883 1538 superhaec
910 1458 1112 1520 intunduntur
1143 1457 1205 1519 olei

291 1545 363 1606 boni
385 1545 477 1607 librae
504 1553 567 1608 tres
591 1555 622 1608 ot
644 1546 802 1627 diligenter
825 1549 856 1607 in
884 1547 950 1608 loco
973 1565 1070 1626 neque
1099 1547 1205 1608 umido

291 1651 390 1713 neque
413 1636 537 1696 nimium
557 1637 636 1696 sicco
656 1635 833 1698 obruuntur.
870 1643 939 1715 post
957 1638 1117 1716 nonaginta
1136 1635 1204 1696 dics

291 1721 404 1784 dabunt
439 1722 538 1785 oleum
574 1724 654 1804 quod
690 1724 847 1786 fluentium
884 1723 1058 1805 capillorum
1094 1723 1203 1785 damna

291 1813 437 1873 restituat.
1217 1827 1245 1867 ιι

292 2063 371 2120 tritae
387 2077 448 2120 oum
464 2060 544 2119 melle
561 2058 660 2118 ieiunis
682 2060 862 2120 tussientibus
877 2061 956 2120 datae
972 2068 1098 2136 prosunt.
1131 2077 1203 2134 aqua

291 2146 319 2202 in
341 2163 395 2220 qua
410 2143 505 2204 coctae
527 2145 630 2203 inerint
651 2144 731 2202 datur
745 2146 871 2204 coeliacis
893 2145 1072 2221 dysentericis
1095 2153 1124 2204 et
1138 2162 1201 2202 san·

291 2229 402 2304 guinem
425 2231 613 2305 expuentibus.

357 2363 405 2415 De
423 2363 555 2415 banno.

215 2443 274 2512 (⁸⁶)
354 2453 514 2514 Balancrum
541 2455 654 2531 glandes
676 2456 776 2514 virides
802 2457 956 2530 stringunt,
984 2465 1077 2512 coctae
1100 2457 1201 2514 minus.

291 2539 501 2615 indigestionem
525 2541 636 2599 iaciunt.
674 2540 776 2598 ssusum
799 2555 905 2597 omnem
928 2541 1128 2615 constringunt.
1216 2558 1247 2598 sc

214 2709 272 2778 (87)
355 2712 500 2788 iuglandes
523 2730 607 2772 nuces
629 2714 763 2770 rotundae
778 2713 876 2770 virides
899 2721 995 2788 utpote
1010 2713 1098 2772 adhuc
1118 2730 1203 2788 aqua·

231 2819 233 2826 ’
292 2798 375 2860 tiorls
390 2798 528 2870 humoris,
557 2799 689 2873 stypticae
711 2807 739 2855 et
764 2797 880 2873 frigidae
902 2798 1009 2855 virtutis
1031 2806 1104 2856 sunt.
1142 2806 1201 2855 sto-

219 3035 719 3176 muruumnro
736 3033 1093 3178 semiustus
1106 3035 1206 3160 nu

183 3176 279 3229 anum
297 3191 318 3232 s.
337 3177 382 3231 rb.
438 3184 517 3234 oxu.
536 3179 575 3232 cl.
593 3181 597 3246 l
613 3193 638 3234 s.
657 3193 745 3248 grano
763 3179 830 3233 salis
848 3180 875 3234 d.
926 3176 1100 3246 onullisqne
1118 3177 1162 3231 rb.

184 3252 200 3301 ‘l
220 3245 246 3299 d.
265 3261 323 3315 qus
340 3247 459 3318 quisque
476 3250 568 3318 potu:
591 3249 618 3305 d.
636 3249 763 3319 quisquis
780 3250 826 3305 ro.
852 3252 857 3319 l
881 3249 1016 3304 kalendas
1034 3263 1064 3317 p,
1087 3247 1122 3300 kt
1137 3261 1163 3302 o.

183 3321 200 3370 8
217 3315 301 3372 iulius
317 3335 348 3390 pz
367 3317 411 3373 inl
427 3336 457 3389 v,
475 3319 538 3374 iulii
556 3319 665 3390 lupo).
736 3325 769 3375 10
788 3319 866 3376 scissi
883 3321 996 3390 Μῖνι
1015 3316 1113 3374 schisti
1131 3319 1175 3373 rb.
1195 3317 1200 3388 Ι

182 3385 232 3442 nt.
251 3409 294 3444 m.
312 3392 367 3460 put
385 3390 481 3459 (libros
501 3409 550 3446 .ιιι.
569 3392 607 3460 d).
625 3394 630 3459 l
649 3391 680 3446 in
698 3407 724 3446 n.
744 3407 811 3446 ross
829 3391 911 3446 fictili
928 3393 955 3448 d.
1010 3396 1042 3445 11
1062 3405 1130 3444 vaso
1147 3404 1203 3459 pc:

182 3475 248 3514 vase
266 3461 376 3531 topi).
402 3464 406 3524 1
431 3459 625 3516 diffunduntur
647 3463 688 3517 td,
757 3467 791 3515 12
813 3461 864 3517 ho.
884 3483 926 3518 111.
945 3462 1028 3532 pcld.
1053 3462 1059 3530 Ι
1083 3459 1114 3514 in
1137 3460 1201 3516 loco

182 3527 305 3655 lppppidp
318 3531 344 3586 d.
401 3537 434 3586 13
452 3531 540 3588 nimio
559 3533 586 3587 d.
650 3539 684 3587 14
701 3531 825 3605 dampno
842 3533 869 3589 d.
930 3539 962 3588 15
981 3530 1114 3589 restituet
1130 3531 1204 3602 yid:

183 3628 194 3639 ·
268 3617 313 3655 r.
