<?xml version="1.0" encoding="UTF-8"?>
<!DOCTYPE html PUBLIC "-//W3C//DTD XHTML 1.0 Transitional//EN"
    "http://www.w3.org/TR/xhtml1/DTD/xhtml1-transitional.dtd">
<html xmlns="http://www.w3.org/1999/xhtml" xml:lang="en" lang="en">
 <head>
  <title>
</title>
<meta http-equiv="Content-Type" content="text/html;charset=utf-8" />
  <meta name='ocr-system' content='tesseract 3.04.00' />
  <meta name='ocr-capabilities' content='ocr_page ocr_carea ocr_par ocr_line ocrx_word'/>
</head>
<body>
  <div class='ocr_page' id='page_1' title='image "./pliniisecundiqu04plingoog_0172.png"; bbox 0 0 2620 4040; ppageno 0'>
   <div class='ocr_carea' id='block_1_1' title="bbox 479 257 721 321">
    <p class='ocr_par' dir='ltr' id='par_1_1' title="bbox 479 257 721 321">
     <span class='ocr_line' id='line_1_1' title="bbox 479 257 721 321; baseline 0.004 -1"><span class='ocrx_word' id='word_1_1' title='bbox 479 257 721 321; x_wconf 79' lang='lat'>-163-</span> 
     </span>
    </p>
   </div>
   <div class='ocr_carea' id='block_1_2' title="bbox 53 420 1090 2100">
    <p class='ocr_par' dir='ltr' id='par_1_2' title="bbox 65 420 1090 1215">
     <span class='ocr_line' id='line_1_2' title="bbox 93 420 1090 504; baseline 0.003 -25"><span class='ocrx_word' id='word_1_2' title='bbox 93 421 125 480; x_wconf 93' lang='lat' dir='ltr'><strong>in</strong></span> <span class='ocrx_word' id='word_1_3' title='bbox 150 437 182 480; x_wconf 86' lang='lat' dir='ltr'><strong>se</strong></span> <span class='ocrx_word' id='word_1_4' title='bbox 206 421 294 479; x_wconf 91' lang='lat' dir='ltr'><strong>etiam</strong></span> <span class='ocrx_word' id='word_1_5' title='bbox 318 420 468 481; x_wconf 83' lang='lat' dir='ltr'>molliendi</span> <span class='ocrx_word' id='word_1_6' title='bbox 494 428 684 504; x_wconf 85' lang='lat' dir='ltr'><strong>potestatem,</strong></span> <span class='ocrx_word' id='word_1_7' title='bbox 713 425 738 482; x_wconf 91' lang='lat' dir='ltr'><strong>si</strong></span> <span class='ocrx_word' id='word_1_8' title='bbox 764 423 880 501; x_wconf 84' lang='lat' dir='ltr'><strong>graecis</strong></span> <span class='ocrx_word' id='word_1_9' title='bbox 903 432 1001 486; x_wconf 88' lang='lat' dir='ltr'><strong>aucto-</strong></span> <span class='ocrx_word' id='word_1_10' title='bbox 1020 427 1090 494; x_wconf 76' lang='lat' dir='ltr'><strong>ubi?</strong></span> 
     </span>
     <span class='ocr_line' id='line_1_3' title="bbox 93 508 1002 591; baseline 0.007 -24"><span class='ocrx_word' id='word_1_11' title='bbox 93 508 179 568; x_wconf 91' lang='lat' dir='ltr'><strong>ribus</strong></span> <span class='ocrx_word' id='word_1_12' title='bbox 213 509 363 570; x_wconf 89' lang='lat' dir='ltr'><strong>eredimus</strong></span> <span class='ocrx_word' id='word_1_13' title='bbox 400 511 489 570; x_wconf 90' lang='lat' dir='ltr'><strong>etiam</strong></span> <span class='ocrx_word' id='word_1_14' title='bbox 522 510 687 572; x_wconf 91' lang='lat' dir='ltr'><strong>nutriendi:</strong></span> <span class='ocrx_word' id='word_1_15' title='bbox 723 510 838 573; x_wconf 91' lang='lat' dir='ltr'><strong>nullum</strong></span> <span class='ocrx_word' id='word_1_16' title='bbox 873 511 1002 591; x_wconf 89' lang='lat' dir='ltr'><strong>denique</strong></span> 
     </span>
     <span class='ocr_line' id='line_1_4' title="bbox 93 597 1002 681; baseline 0.006 -24"><span class='ocrx_word' id='word_1_17' title='bbox 93 597 272 658; x_wconf 76' lang='lat' dir='ltr'><strong>athletarum</strong></span> <span class='ocrx_word' id='word_1_18' title='bbox 293 597 393 660; x_wconf 89' lang='lat' dir='ltr'><strong>eibum</strong></span> <span class='ocrx_word' id='word_1_19' title='bbox 412 599 475 659; x_wconf 91' lang='lat' dir='ltr'><strong>sine</strong></span> <span class='ocrx_word' id='word_1_20' title='bbox 495 598 602 660; x_wconf 79' lang='lat' dir='ltr'><strong>anetho</strong></span> <span class='ocrx_word' id='word_1_21' title='bbox 622 617 687 660; x_wconf 89' lang='lat' dir='ltr'><strong>esse</strong></span> <span class='ocrx_word' id='word_1_22' title='bbox 707 603 868 679; x_wconf 90' lang='lat' dir='ltr'><strong>patiuntur.</strong></span> <span class='ocrx_word' id='word_1_23' title='bbox 901 620 1002 681; x_wconf 81' lang='lat' dir='ltr'><strong>aegro-</strong></span> 
     </span>
     <span class='ocr_line' id='line_1_5' title="bbox 93 685 1002 768; baseline 0.004 -22"><span class='ocrx_word' id='word_1_24' title='bbox 93 685 226 747; x_wconf 92' lang='lat' dir='ltr'><strong>tantibus</strong></span> <span class='ocrx_word' id='word_1_25' title='bbox 252 687 376 766; x_wconf 90' lang='lat' dir='ltr'><strong>prodest</strong></span> <span class='ocrx_word' id='word_1_26' title='bbox 408 706 476 748; x_wconf 90' lang='lat' dir='ltr'><strong>cum</strong></span> <span class='ocrx_word' id='word_1_27' title='bbox 509 706 545 748; x_wconf 82' lang='lat' dir='ltr'><strong>ex</strong></span> <span class='ocrx_word' id='word_1_28' title='bbox 573 687 637 749; x_wconf 91' lang='lat' dir='ltr'><strong>oleo</strong></span> <span class='ocrx_word' id='word_1_29' title='bbox 670 690 850 768; x_wconf 80' lang='lat' dir='ltr'><strong>tepefactum</strong></span> <span class='ocrx_word' id='word_1_30' title='bbox 878 690 1002 750; x_wconf 91' lang='lat' dir='ltr'><strong>cerebro</strong></span> 
     </span>
     <span class='ocr_line' id='line_1_6' title="bbox 65 773 1001 857; baseline 0.013 -29"><span class='ocrx_word' id='word_1_31' title='bbox 65 773 270 836; x_wconf 82' lang='lat' dir='ltr'><strong>sinfuuditur.</strong></span> <span class='ocrx_word' id='word_1_32' title='bbox 312 777 444 838; x_wconf 88' lang='lat' dir='ltr'><strong>ereditur</strong></span> <span class='ocrx_word' id='word_1_33' title='bbox 471 776 541 838; x_wconf 91' lang='lat' dir='ltr'><strong>dare</strong></span> <span class='ocrx_word' id='word_1_34' title='bbox 569 777 626 838; x_wconf 91' lang='lat' dir='ltr'><strong>illis</strong></span> <span class='ocrx_word' id='word_1_35' title='bbox 649 777 761 857; x_wconf 87' lang='lat' dir='ltr'><strong>aliquas</strong></span> <span class='ocrx_word' id='word_1_36' title='bbox 784 787 814 840; x_wconf 89' lang='lat' dir='ltr'><strong>et</strong></span> <span class='ocrx_word' id='word_1_37' title='bbox 843 777 935 840; x_wconf 83' lang='lat' dir='ltr'><strong>febris</strong></span> <span class='ocrx_word' id='word_1_38' title='bbox 958 781 1001 840; x_wconf 91' lang='lat' dir='ltr'><strong>in·</strong></span> 
     </span>
     <span class='ocr_line' id='line_1_7' title="bbox 94 863 1002 948; baseline 0.006 -25"><span class='ocrx_word' id='word_1_39' title='bbox 94 863 206 945; x_wconf 89' lang='lat' dir='ltr'><strong>dutias‚</strong></span> <span class='ocrx_word' id='word_1_40' title='bbox 237 866 351 946; x_wconf 77' lang='lat' dir='ltr'><strong>mitigat</strong></span> <span class='ocrx_word' id='word_1_41' title='bbox 382 866 486 944; x_wconf 88' lang='lat' dir='ltr'><strong>capitis</strong></span> <span class='ocrx_word' id='word_1_42' title='bbox 514 865 643 948; x_wconf 87' lang='lat' dir='ltr'><strong>dolores,</strong></span> <span class='ocrx_word' id='word_1_43' title='bbox 676 885 836 928; x_wconf 88' lang='lat' dir='ltr'><strong>nervorum</strong></span> <span class='ocrx_word' id='word_1_44' title='bbox 864 875 1002 928; x_wconf 80' lang='lat' dir='ltr'><strong>tensurus</strong></span> 
     </span>
     <span class='ocr_line' id='line_1_8' title="bbox 94 952 1002 1036; baseline 0.007 -24"><span class='ocrx_word' id='word_1_45' title='bbox 94 952 219 1034; x_wconf 82' lang='lat' dir='ltr'><strong>relaxat,</strong></span> <span class='ocrx_word' id='word_1_46' title='bbox 254 972 313 1014; x_wconf 91' lang='lat' dir='ltr'><strong>non</strong></span> <span class='ocrx_word' id='word_1_47' title='bbox 346 954 528 1016; x_wconf 76' lang='lat' dir='ltr'><strong>dormientes</strong></span> <span class='ocrx_word' id='word_1_48' title='bbox 560 955 596 1015; x_wconf 89' lang='lat' dir='ltr'><strong>ad</strong></span> <span class='ocrx_word' id='word_1_49' title='bbox 628 974 712 1035; x_wconf 89' lang='lat' dir='ltr'><strong>spem</strong></span> <span class='ocrx_word' id='word_1_50' title='bbox 745 957 853 1036; x_wconf 88' lang='lat' dir='ltr'><strong>quietis</strong></span> <span class='ocrx_word' id='word_1_51' title='bbox 890 959 1002 1018; x_wconf 91' lang='lat' dir='ltr'><strong>invitat.</strong></span> 
     </span>
     <span class='ocr_line' id='line_1_9' title="bbox 94 1042 1002 1124; baseline 0.006 -23"><span class='ocrx_word' id='word_1_52' title='bbox 94 1042 240 1102; x_wconf 86' lang='lat' dir='ltr'><strong>stomachi</strong></span> <span class='ocrx_word' id='word_1_53' title='bbox 268 1043 404 1121; x_wconf 80' lang='lat' dir='ltr'><strong>querelas</strong></span> <span class='ocrx_word' id='word_1_54' title='bbox 432 1052 550 1104; x_wconf 89' lang='lat' dir='ltr'><strong>coctum</strong></span> <span class='ocrx_word' id='word_1_55' title='bbox 578 1047 609 1105; x_wconf 92' lang='lat' dir='ltr'><strong>in</strong></span> <span class='ocrx_word' id='word_1_56' title='bbox 636 1063 730 1124; x_wconf 86' lang='lat' dir='ltr'><strong>aquae</strong></span> <span class='ocrx_word' id='word_1_57' title='bbox 761 1045 872 1124; x_wconf 83' lang='lat' dir='ltr'><strong>cyathis</strong></span> <span class='ocrx_word' id='word_1_58' title='bbox 905 1045 1002 1122; x_wconf 83' lang='lat' dir='ltr'><strong>tribus</strong></span> 
     </span>
     <span class='ocr_line' id='line_1_10' title="bbox 93 1132 1002 1215; baseline 0.002 -25"><span class='ocrx_word' id='word_1_59' title='bbox 93 1138 199 1209; x_wconf 91' lang='lat' dir='ltr'><strong>potum</strong></span> <span class='ocrx_word' id='word_1_60' title='bbox 222 1133 298 1192; x_wconf 90' lang='lat' dir='ltr'><strong>miro</strong></span> <span class='ocrx_word' id='word_1_61' title='bbox 322 1132 409 1193; x_wconf 89' lang='lat' dir='ltr'><strong>medo</strong></span> <span class='ocrx_word' id='word_1_62' title='bbox 437 1132 560 1194; x_wconf 89' lang='lat' dir='ltr'><strong>relevat:</strong></span> <span class='ocrx_word' id='word_1_63' title='bbox 592 1141 697 1195; x_wconf 90' lang='lat' dir='ltr'><strong>ructus</strong></span> <span class='ocrx_word' id='word_1_64' title='bbox 725 1133 834 1195; x_wconf 90' lang='lat' dir='ltr'><strong>indicio</strong></span> <span class='ocrx_word' id='word_1_65' title='bbox 863 1143 920 1215; x_wconf 85' lang='lat' dir='ltr'><strong>est,</strong></span> <span class='ocrx_word' id='word_1_66' title='bbox 948 1152 1002 1214; x_wconf 91' lang='lat' dir='ltr'><strong>per</strong></span> 
     </span>
    </p>

    <p class='ocr_par' dir='ltr' id='par_1_3' title="bbox 53 1219 1002 1658">
     <span class='ocr_line' id='line_1_11' title="bbox 53 1219 1002 1301; baseline 0.003 -22"><span class='ocrx_word' id='word_1_67' title='bbox 53 1236 78 1273; x_wconf 84' lang='lat'><strong>10</strong></span> <span class='ocrx_word' id='word_1_68' title='bbox 95 1237 186 1298; x_wconf 93' lang='lat' dir='ltr'><strong>quem</strong></span> <span class='ocrx_word' id='word_1_69' title='bbox 217 1219 389 1300; x_wconf 84' lang='lat' dir='ltr'><strong>intellegere</strong></span> <span class='ocrx_word' id='word_1_70' title='bbox 418 1221 505 1282; x_wconf 90' lang='lat' dir='ltr'><strong>datur</strong></span> <span class='ocrx_word' id='word_1_71' title='bbox 538 1230 639 1301; x_wconf 89' lang='lat' dir='ltr'><strong>aperta</strong></span> <span class='ocrx_word' id='word_1_72' title='bbox 666 1225 763 1282; x_wconf 89' lang='lat' dir='ltr'><strong>omnia</strong></span> <span class='ocrx_word' id='word_1_73' title='bbox 796 1240 871 1301; x_wconf 82' lang='lat' dir='ltr'><strong>quae</strong></span> <span class='ocrx_word' id='word_1_74' title='bbox 903 1222 1002 1283; x_wconf 83' lang='lat' dir='ltr'><strong>clausa</strong></span> 
     </span>
     <span class='ocr_line' id='line_1_12' title="bbox 93 1307 1001 1393; baseline 0.003 -26"><span class='ocrx_word' id='word_1_75' title='bbox 93 1307 282 1387; x_wconf 89' lang='lat' dir='ltr'><strong>torquebant.</strong></span> <span class='ocrx_word' id='word_1_76' title='bbox 320 1310 499 1390; x_wconf 85' lang='lat' dir='ltr'><strong>digestiones</strong></span> <span class='ocrx_word' id='word_1_77' title='bbox 524 1309 653 1371; x_wconf 89' lang='lat' dir='ltr'><strong>adiuvat:</strong></span> <span class='ocrx_word' id='word_1_78' title='bbox 676 1311 742 1371; x_wconf 92' lang='lat' dir='ltr'><strong>ideo</strong></span> <span class='ocrx_word' id='word_1_79' title='bbox 766 1319 900 1393; x_wconf 69' lang='lat' dir='ltr'><strong>venipem</strong></span> <span class='ocrx_word' id='word_1_80' title='bbox 923 1311 1001 1370; x_wconf 87' lang='lat' dir='ltr'><strong>vide-</strong></span> 
     </span>
     <span class='ocr_line' id='line_1_13' title="bbox 93 1396 1001 1460; baseline 0.001 -3"><span class='ocrx_word' id='word_1_81' title='bbox 93 1405 145 1458; x_wconf 90' lang='lat' dir='ltr'><strong>tur</strong></span> <span class='ocrx_word' id='word_1_82' title='bbox 173 1396 317 1458; x_wconf 92' lang='lat' dir='ltr'><strong>inhibere.</strong></span> <span class='ocrx_word' id='word_1_83' title='bbox 353 1401 503 1460; x_wconf 89' lang='lat' dir='ltr'><strong>intestinis</strong></span> <span class='ocrx_word' id='word_1_84' title='bbox 531 1398 733 1460; x_wconf 82' lang='lat' dir='ltr'><strong>laborantibus</strong></span> <span class='ocrx_word' id='word_1_85' title='bbox 757 1408 787 1460; x_wconf 90' lang='lat' dir='ltr'><strong>et</strong></span> <span class='ocrx_word' id='word_1_86' title='bbox 816 1402 928 1460; x_wconf 89' lang='lat' dir='ltr'><strong>ventris</strong></span> <span class='ocrx_word' id='word_1_87' title='bbox 952 1399 1001 1458; x_wconf 93' lang='lat' dir='ltr'><strong>do-</strong></span> 
     </span>
     <span class='ocr_line' id='line_1_14' title="bbox 92 1485 1001 1570; baseline 0.002 -25"><span class='ocrx_word' id='word_1_88' title='bbox 92 1485 152 1545; x_wconf 92' lang='lat' dir='ltr'><strong>lori</strong></span> <span class='ocrx_word' id='word_1_89' title='bbox 174 1487 220 1546; x_wconf 85' lang='lat' dir='ltr'><strong>vel</strong></span> <span class='ocrx_word' id='word_1_90' title='bbox 243 1506 279 1548; x_wconf 82' lang='lat' dir='ltr'><strong>ex</strong></span> <span class='ocrx_word' id='word_1_91' title='bbox 302 1505 378 1570; x_wconf 89' lang='lat' dir='ltr'><strong>aqua</strong></span> <span class='ocrx_word' id='word_1_92' title='bbox 401 1486 502 1548; x_wconf 90' lang='lat' dir='ltr'><strong>datum</strong></span> <span class='ocrx_word' id='word_1_93' title='bbox 525 1489 555 1547; x_wconf 90' lang='lat' dir='ltr'><strong>iu</strong></span> <span class='ocrx_word' id='word_1_94' title='bbox 574 1490 694 1567; x_wconf 89' lang='lat' dir='ltr'><strong>potione</strong></span> <span class='ocrx_word' id='word_1_95' title='bbox 720 1489 877 1550; x_wconf 82' lang='lat' dir='ltr'><strong>succurrit.</strong></span> <span class='ocrx_word' id='word_1_96' title='bbox 915 1491 1001 1550; x_wconf 90' lang='lat' dir='ltr'><strong>tritae</strong></span> 
     </span>
     <span class='ocr_line' id='line_1_15' title="bbox 93 1574 1002 1658; baseline 0.004 -24"><span class='ocrx_word' id='word_1_97' title='bbox 93 1574 210 1636; x_wconf 84' lang='lat' dir='ltr'><strong>radices</strong></span> <span class='ocrx_word' id='word_1_98' title='bbox 234 1584 263 1636; x_wconf 90' lang='lat' dir='ltr'><strong>et</strong></span> <span class='ocrx_word' id='word_1_99' title='bbox 292 1578 437 1658; x_wconf 87' lang='lat' dir='ltr'><strong>inpositae</strong></span> <span class='ocrx_word' id='word_1_100' title='bbox 465 1576 633 1638; x_wconf 84' lang='lat' dir='ltr'><strong>fervoribus</strong></span> <span class='ocrx_word' id='word_1_101' title='bbox 657 1577 815 1639; x_wconf 90' lang='lat' dir='ltr'><strong>medentur</strong></span> <span class='ocrx_word' id='word_1_102' title='bbox 838 1577 1002 1638; x_wconf 90' lang='lat' dir='ltr'><strong>oculorum.</strong></span> 
     </span>
    </p>

    <p class='ocr_par' dir='ltr' id='par_1_4' title="bbox 55 1664 1002 2100">
     <span class='ocr_line' id='line_1_16' title="bbox 55 1664 1002 1746; baseline 0.01 -28"><span class='ocrx_word' id='word_1_103' title='bbox 55 1665 171 1724; x_wconf 72' lang='lat' dir='ltr'><strong>meinis</strong></span> <span class='ocrx_word' id='word_1_104' title='bbox 195 1665 259 1725; x_wconf 93' lang='lat' dir='ltr'><strong>eius</strong></span> <span class='ocrx_word' id='word_1_105' title='bbox 287 1664 442 1746; x_wconf 87' lang='lat' dir='ltr'><strong>suspendit</strong></span> <span class='ocrx_word' id='word_1_106' title='bbox 464 1684 551 1726; x_wconf 89' lang='lat' dir='ltr'><strong>uvam</strong></span> <span class='ocrx_word' id='word_1_107' title='bbox 574 1665 710 1727; x_wconf 88' lang='lat' dir='ltr'><strong>saucibus</strong></span> <span class='ocrx_word' id='word_1_108' title='bbox 738 1669 1002 1746; x_wconf 84' lang='lat' dir='ltr'><strong>ingravescentem.</strong></span> 
     </span>
     <span class='ocr_line' id='line_1_17' title="bbox 94 1753 1001 1835; baseline 0.002 -23"><span class='ocrx_word' id='word_1_109' title='bbox 94 1753 229 1814; x_wconf 88' lang='lat' dir='ltr'><strong>radicum</strong></span> <span class='ocrx_word' id='word_1_110' title='bbox 257 1756 353 1814; x_wconf 91' lang='lat' dir='ltr'><strong>acrior</strong></span> <span class='ocrx_word' id='word_1_111' title='bbox 382 1756 456 1815; x_wconf 90' lang='lat' dir='ltr'><strong>cinis</strong></span> <span class='ocrx_word' id='word_1_112' title='bbox 485 1763 543 1835; x_wconf 84' lang='lat' dir='ltr'><strong>est,</strong></span> <span class='ocrx_word' id='word_1_113' title='bbox 571 1755 644 1815; x_wconf 86' lang='lat' dir='ltr'><strong>adeo</strong></span> <span class='ocrx_word' id='word_1_114' title='bbox 672 1762 706 1815; x_wconf 94' lang='lat' dir='ltr'><strong>ut</strong></span> <span class='ocrx_word' id='word_1_115' title='bbox 734 1763 878 1816; x_wconf 89' lang='lat' dir='ltr'><strong>curentur</strong></span> <span class='ocrx_word' id='word_1_116' title='bbox 906 1774 942 1814; x_wconf 89' lang='lat' dir='ltr'><strong>ex</strong></span> <span class='ocrx_word' id='word_1_117' title='bbox 966 1773 1001 1814; x_wconf 88' lang='lat' dir='ltr'><strong>eo</strong></span> 
     </span>
     <span class='ocr_line' id='line_1_18' title="bbox 94 1841 1002 1922; baseline 0.002 -22"><span class='ocrx_word' id='word_1_118' title='bbox 94 1849 126 1902; x_wconf 92' lang='lat' dir='ltr'><strong>et</strong></span> <span class='ocrx_word' id='word_1_119' title='bbox 144 1860 213 1902; x_wconf 89' lang='lat' dir='ltr'><strong>earo</strong></span> <span class='ocrx_word' id='word_1_120' title='bbox 233 1861 372 1904; x_wconf 87' lang='lat' dir='ltr'><strong>crescens</strong></span> <span class='ocrx_word' id='word_1_121' title='bbox 392 1851 422 1904; x_wconf 91' lang='lat' dir='ltr'><strong>et</strong></span> <span class='ocrx_word' id='word_1_122' title='bbox 445 1841 598 1904; x_wconf 91' lang='lat' dir='ltr'><strong>sordidum</strong></span> <span class='ocrx_word' id='word_1_123' title='bbox 612 1842 719 1904; x_wconf 92' lang='lat' dir='ltr'><strong>vulnus</strong></span> <span class='ocrx_word' id='word_1_124' title='bbox 738 1852 768 1904; x_wconf 91' lang='lat' dir='ltr'><strong>et</strong></span> <span class='ocrx_word' id='word_1_125' title='bbox 787 1861 861 1922; x_wconf 91' lang='lat' dir='ltr'><strong>quae</strong></span> <span class='ocrx_word' id='word_1_126' title='bbox 880 1861 1002 1922; x_wconf 83' lang='lat' dir='ltr'><strong>serpere</strong></span> 
     </span>
     <span class='ocr_line' id='line_1_19' title="bbox 93 1930 1002 2012; baseline 0.001 -23"><span class='ocrx_word' id='word_1_127' title='bbox 93 1932 250 2009; x_wconf 89' lang='lat' dir='ltr'><strong>incipiunt.</strong></span> <span class='ocrx_word' id='word_1_128' title='bbox 288 1950 389 1992; x_wconf 91' lang='lat' dir='ltr'><strong>semen</strong></span> <span class='ocrx_word' id='word_1_129' title='bbox 416 1932 611 1993; x_wconf 79' lang='lat' dir='ltr'><strong>fervefactum</strong></span> <span class='ocrx_word' id='word_1_130' title='bbox 641 1931 852 2012; x_wconf 90' lang='lat' dir='ltr'><strong>admotumque</strong></span> <span class='ocrx_word' id='word_1_131' title='bbox 880 1930 1002 1992; x_wconf 86' lang='lat' dir='ltr'><strong>naribus</strong></span> 
     </span>
     <span class='ocr_line' id='line_1_20' title="bbox 94 2019 476 2100; baseline 0.005 -22"><span class='ocrx_word' id='word_1_132' title='bbox 94 2019 251 2098; x_wconf 83' lang='lat' dir='ltr'><strong>singultire</strong></span> <span class='ocrx_word' id='word_1_133' title='bbox 274 2039 334 2082; x_wconf 92' lang='lat' dir='ltr'><strong>non</strong></span> <span class='ocrx_word' id='word_1_134' title='bbox 356 2023 476 2100; x_wconf 90' lang='lat' dir='ltr'><strong>patitur.</strong></span> 
     </span>
    </p>
   </div>
   <div class='ocr_carea' id='block_1_3' title="bbox 51 2268 1077 2596">
    <p class='ocr_par' dir='ltr' id='par_1_5' title="bbox 51 2268 1077 2596">
     <span class='ocr_line' id='line_1_21' title="bbox 51 2268 1077 2344; baseline 0.004 -19"><span class='ocrx_word' id='word_1_135' title='bbox 51 2288 77 2326; x_wconf 79' lang='lat' dir='ltr'><strong>eo</strong></span> <span class='ocrx_word' id='word_1_136' title='bbox 159 2269 275 2326; x_wconf 84' lang='lat' dir='ltr'><strong>Auetum</strong></span> <span class='ocrx_word' id='word_1_137' title='bbox 291 2269 413 2328; x_wconf 80' lang='lat' dir='ltr'><strong>calefacit</strong></span> <span class='ocrx_word' id='word_1_138' title='bbox 428 2277 455 2326; x_wconf 85' lang='lat' dir='ltr'><strong>et</strong></span> <span class='ocrx_word' id='word_1_139' title='bbox 469 2269 620 2344; x_wconf 77' lang='lat' dir='ltr'><strong>restringit,</strong></span> <span class='ocrx_word' id='word_1_140' title='bbox 647 2268 774 2343; x_wconf 88' lang='lat' dir='ltr'><strong>prohibet</strong></span> <span class='ocrx_word' id='word_1_141' title='bbox 789 2276 1002 2326; x_wconf 87' lang='lat' dir='ltr'><strong>sternutamenta</strong></span> <span class='ocrx_word' id='word_1_142' title='bbox 1022 2275 1077 2342; x_wconf 83' lang='lat'><strong>(38)</strong></span> 
     </span>
     <span class='ocr_line' id='line_1_22' title="bbox 93 2348 1002 2430; baseline 0 -22"><span class='ocrx_word' id='word_1_143' title='bbox 93 2352 206 2410; x_wconf 87' lang='lat' dir='ltr'><strong>naribus</strong></span> <span class='ocrx_word' id='word_1_144' title='bbox 229 2355 393 2428; x_wconf 85' lang='lat' dir='ltr'><strong>oppositum.</strong></span> <span class='ocrx_word' id='word_1_145' title='bbox 432 2354 568 2411; x_wconf 86' lang='lat' dir='ltr'><strong>delectum</strong></span> <span class='ocrx_word' id='word_1_146' title='bbox 597 2355 729 2411; x_wconf 89' lang='lat' dir='ltr'><strong>stomachi</strong></span> <span class='ocrx_word' id='word_1_147' title='bbox 754 2348 874 2430; x_wconf 83' lang='lat' dir='ltr'><strong>[curat]‚</strong></span> <span class='ocrx_word' id='word_1_148' title='bbox 904 2355 1002 2426; x_wconf 88' lang='lat' dir='ltr'><strong>capitis</strong></span> 
     </span>
     <span class='ocr_line' id='line_1_23' title="bbox 93 2432 1001 2518; baseline -0.002 -24"><span class='ocrx_word' id='word_1_149' title='bbox 93 2438 216 2494; x_wconf 89' lang='lat' dir='ltr'><strong>dolorem</strong></span> <span class='ocrx_word' id='word_1_150' title='bbox 238 2446 269 2495; x_wconf 85' lang='lat' dir='ltr'><strong>et</strong></span> <span class='ocrx_word' id='word_1_151' title='bbox 290 2441 435 2510; x_wconf 82' lang='lat' dir='ltr'><strong>vertigines</strong></span> <span class='ocrx_word' id='word_1_152' title='bbox 452 2432 570 2518; x_wconf 63' lang='lat' dir='ltr'><strong>[sedat]</strong></span> <span class='ocrx_word' id='word_1_153' title='bbox 606 2439 636 2496; x_wconf 90' lang='lat' dir='ltr'><strong>in</strong></span> <span class='ocrx_word' id='word_1_154' title='bbox 657 2445 857 2513; x_wconf 85' lang='lat' dir='ltr'><strong>aqua&#39;coctum</strong></span> <span class='ocrx_word' id='word_1_155' title='bbox 878 2445 1001 2512; x_wconf 88' lang='lat' dir='ltr'><strong>potatum</strong></span> 
     </span>
     <span class='ocr_line' id='line_1_24' title="bbox 93 2522 1002 2596; baseline 0.002 -20"><span class='ocrx_word' id='word_1_156' title='bbox 93 2523 292 2596; x_wconf 78' lang='lat' dir='ltr'><strong>indigestiones</strong></span> <span class='ocrx_word' id='word_1_157' title='bbox 309 2531 336 2580; x_wconf 89' lang='lat' dir='ltr'><strong>et</strong></span> <span class='ocrx_word' id='word_1_158' title='bbox 351 2541 428 2582; x_wconf 86' lang='lat' dir='ltr'><strong>acres</strong></span> <span class='ocrx_word' id='word_1_159' title='bbox 444 2533 538 2580; x_wconf 89' lang='lat' dir='ltr'><strong>ructus</strong></span> <span class='ocrx_word' id='word_1_160' title='bbox 555 2523 636 2581; x_wconf 83' lang='lat' dir='ltr'><strong>tollit.</strong></span> <span class='ocrx_word' id='word_1_161' title='bbox 667 2525 695 2578; x_wconf 92' lang='lat' dir='ltr'><strong>in</strong></span> <span class='ocrx_word' id='word_1_162' title='bbox 714 2523 775 2580; x_wconf 90' lang='lat' dir='ltr'><strong>oleo</strong></span> <span class='ocrx_word' id='word_1_163' title='bbox 791 2529 898 2579; x_wconf 89' lang='lat' dir='ltr'><strong>coctum</strong></span> <span class='ocrx_word' id='word_1_164' title='bbox 915 2522 1002 2595; x_wconf 89' lang='lat' dir='ltr'><strong>eapite</strong></span> 
     </span>
    </p>
   </div>
   <div class='ocr_carea' id='block_1_4' title="bbox 48 2605 1001 2753">
    <p class='ocr_par' dir='ltr' id='par_1_6' title="bbox 48 2605 1001 2753">
     <span class='ocr_line' id='line_1_25' title="bbox 93 2605 1001 2680; baseline -0.002 -18"><span class='ocrx_word' id='word_1_165' title='bbox 93 2605 128 2662; x_wconf 92' lang='lat' dir='ltr'><strong>de</strong></span> <span class='ocrx_word' id='word_1_166' title='bbox 143 2607 240 2664; x_wconf 89' lang='lat' dir='ltr'><strong>eodem</strong></span> <span class='ocrx_word' id='word_1_167' title='bbox 257 2618 340 2665; x_wconf 87' lang='lat' dir='ltr'><strong>uncto</strong></span> <span class='ocrx_word' id='word_1_168' title='bbox 355 2625 481 2666; x_wconf 86' lang='lat' dir='ltr'><strong>somnum</strong></span> <span class='ocrx_word' id='word_1_169' title='bbox 496 2608 569 2665; x_wconf 87' lang='lat' dir='ltr'><strong>lacit.</strong></span> <span class='ocrx_word' id='word_1_170' title='bbox 598 2625 692 2665; x_wconf 88' lang='lat' dir='ltr'><strong>semen</strong></span> <span class='ocrx_word' id='word_1_171' title='bbox 707 2609 765 2663; x_wconf 85' lang='lat' dir='ltr'><strong>eius</strong></span> <span class='ocrx_word' id='word_1_172' title='bbox 780 2624 812 2664; x_wconf 79' lang='lat' dir='ltr'><strong>er</strong></span> <span class='ocrx_word' id='word_1_173' title='bbox 828 2607 889 2663; x_wconf 92' lang='lat' dir='ltr'><strong>vino</strong></span> <span class='ocrx_word' id='word_1_174' title='bbox 904 2614 1001 2680; x_wconf 84' lang='lat' dir='ltr'><strong>potum</strong></span> 
     </span>
     <span class='ocr_line' id='line_1_26' title="bbox 48 2692 720 2753; baseline 0.01 -10"><span class='ocrx_word' id='word_1_175' title='bbox 48 2706 76 2743; x_wconf 77' lang='lat' dir='ltr'><strong>ee</strong></span> <span class='ocrx_word' id='word_1_176' title='bbox 94 2692 227 2748; x_wconf 86' lang='lat' dir='ltr'><strong>tortiones</strong></span> <span class='ocrx_word' id='word_1_177' title='bbox 251 2694 351 2749; x_wconf 87' lang='lat' dir='ltr'><strong>ventris</strong></span> <span class='ocrx_word' id='word_1_178' title='bbox 372 2700 401 2748; x_wconf 82' lang='lat' dir='ltr'><strong>ct</strong></span> <span class='ocrx_word' id='word_1_179' title='bbox 424 2695 615 2749; x_wconf 84' lang='lat' dir='ltr'><strong>intestinorum</strong></span> <span class='ocrx_word' id='word_1_180' title='bbox 640 2692 720 2753; x_wconf 88' lang='lat' dir='ltr'><strong>tollit.</strong></span> 
     </span>
    </p>
   </div>
   <div class='ocr_carea' id='block_1_5' title="bbox 8 2963 1111 3604">
    <p class='ocr_par' dir='ltr' id='par_1_7' title="bbox 90 2963 1111 3248">
     <span class='ocr_line' id='line_1_27' title="bbox 164 2963 1111 3035; baseline -0.002 -15"><span class='ocrx_word' id='word_1_181' title='bbox 164 2972 180 3019; x_wconf 86' lang='grc'>3</span> <span class='ocrx_word' id='word_1_182' title='bbox 200 2964 402 3035; x_wconf 75' lang='lat' dir='ltr'><strong>hgrolantibus</strong></span> <span class='ocrx_word' id='word_1_183' title='bbox 419 2981 445 3034; x_wconf 76' lang='lat'><strong>9.</strong></span> <span class='ocrx_word' id='word_1_184' title='bbox 500 2972 517 3018; x_wconf 84' lang='lat'>4</span> <span class='ocrx_word' id='word_1_185' title='bbox 536 2982 570 3020; x_wconf 88' lang='lat' dir='ltr'><strong>ex</strong></span> <span class='ocrx_word' id='word_1_186' title='bbox 587 2967 653 3034; x_wconf 75' lang='lat' dir='ltr'><strong>pol:</strong></span> <span class='ocrx_word' id='word_1_187' title='bbox 672 2981 723 3019; x_wconf 84' lang='lat' dir='ltr'><strong>om.</strong></span> <span class='ocrx_word' id='word_1_188' title='bbox 737 2965 782 3018; x_wconf 82' lang='lat' dir='ltr'><strong>rb.</strong></span> <span class='ocrx_word' id='word_1_189' title='bbox 799 2965 803 3031; x_wconf 89' lang='grc'><strong>1</strong></span> <span class='ocrx_word' id='word_1_190' title='bbox 820 2963 933 3019; x_wconf 85' lang='lat' dir='ltr'><strong>cerebro</strong></span> <span class='ocrx_word' id='word_1_191' title='bbox 951 2963 1111 3020; x_wconf 80' lang='lat' dir='ltr'><strong>infunditur</strong></span> 
     </span>
     <span class='ocr_line' id='line_1_28' title="bbox 90 3035 1109 3106; baseline 0 -16"><span class='ocrx_word' id='word_1_192' title='bbox 90 3037 158 3105; x_wconf 68' lang='lat' dir='ltr'><strong>pel:</strong></span> <span class='ocrx_word' id='word_1_193' title='bbox 178 3053 212 3092; x_wconf 81' lang='lat' dir='ltr'><strong>ae</strong></span> <span class='ocrx_word' id='word_1_194' title='bbox 231 3037 327 3092; x_wconf 84' lang='lat' dir='ltr'><strong>erebro</strong></span> <span class='ocrx_word' id='word_1_195' title='bbox 346 3035 471 3106; x_wconf 87' lang='lat' dir='ltr'><strong>(cerebro</strong></span> <span class='ocrx_word' id='word_1_196' title='bbox 486 3036 537 3106; x_wconf 70' lang='lat' dir='ltr'><strong>hm)</strong></span> <span class='ocrx_word' id='word_1_197' title='bbox 555 3036 678 3090; x_wconf 80' lang='lat' dir='ltr'><strong>inlusum</strong></span> <span class='ocrx_word' id='word_1_198' title='bbox 691 3037 736 3090; x_wconf 82' lang='lat' dir='ltr'><strong>rb.</strong></span> <span class='ocrx_word' id='word_1_199' title='bbox 787 3035 942 3090; x_wconf 78' lang='lat' dir='ltr'><strong>bereditur</strong></span> <span class='ocrx_word' id='word_1_200' title='bbox 960 3035 1035 3090; x_wconf 89' lang='lat' dir='ltr'><strong>enim</strong></span> <span class='ocrx_word' id='word_1_201' title='bbox 1052 3036 1109 3090; x_wconf 89' lang='lat' dir='ltr'><strong>illis</strong></span> 
     </span>
     <span class='ocr_line' id='line_1_29' title="bbox 91 3106 1109 3178; baseline -0.001 -17"><span class='ocrx_word' id='word_1_202' title='bbox 91 3107 202 3162; x_wconf 80' lang='lat' dir='ltr'><strong>derce.</strong></span> <span class='ocrx_word' id='word_1_203' title='bbox 222 3109 266 3162; x_wconf 82' lang='lat' dir='ltr'><strong>rb.</strong></span> <span class='ocrx_word' id='word_1_204' title='bbox 288 3109 292 3178; x_wconf 93' lang='grc' dir='ltr'>Ι</span> <span class='ocrx_word' id='word_1_205' title='bbox 312 3110 343 3162; x_wconf 86' lang='lat' dir='ltr'><strong>et</strong></span> <span class='ocrx_word' id='word_1_206' title='bbox 359 3106 445 3162; x_wconf 81' lang='lat' dir='ltr'><strong>febris</strong></span> <span class='ocrx_word' id='word_1_207' title='bbox 462 3124 513 3177; x_wconf 72' lang='lat' dir='ltr'><strong>qo,</strong></span> <span class='ocrx_word' id='word_1_208' title='bbox 536 3106 622 3162; x_wconf 81' lang='lat' dir='ltr'><strong>febris</strong></span> <span class='ocrx_word' id='word_1_209' title='bbox 646 3109 706 3176; x_wconf 76' lang='lat' dir='ltr'><strong>(osu.</strong></span> <span class='ocrx_word' id='word_1_210' title='bbox 727 3109 765 3176; x_wconf 85' lang='lat' dir='ltr'><strong>et)</strong></span> <span class='ocrx_word' id='word_1_211' title='bbox 784 3108 806 3161; x_wconf 86' lang='lat' dir='ltr'><strong>l:</strong></span> <span class='ocrx_word' id='word_1_212' title='bbox 831 3123 865 3161; x_wconf 87' lang='lat' dir='ltr'><strong>ex</strong></span> <span class='ocrx_word' id='word_1_213' title='bbox 883 3106 960 3161; x_wconf 83' lang='lat' dir='ltr'><strong>febre</strong></span> <span class='ocrx_word' id='word_1_214' title='bbox 978 3107 1022 3161; x_wconf 79' lang='lat' dir='ltr'><strong>rb,</strong></span> <span class='ocrx_word' id='word_1_215' title='bbox 1043 3107 1048 3175; x_wconf 77' lang='lat' dir='ltr'><strong>l</strong></span> <span class='ocrx_word' id='word_1_216' title='bbox 1067 3107 1109 3160; x_wconf 90' lang='lat' dir='ltr'><strong>in-</strong></span> 
     </span>
     <span class='ocr_line' id='line_1_30' title="bbox 90 3177 1072 3248; baseline -0.002 -16"><span class='ocrx_word' id='word_1_217' title='bbox 90 3177 189 3234; x_wconf 76' lang='lat' dir='ltr'><strong>ducias</strong></span> <span class='ocrx_word' id='word_1_218' title='bbox 207 3179 273 3248; x_wconf 82' lang='lat' dir='ltr'><strong>e().</strong></span> <span class='ocrx_word' id='word_1_219' title='bbox 330 3185 345 3233; x_wconf 82' lang='lat'>6</span> <span class='ocrx_word' id='word_1_220' title='bbox 363 3177 478 3248; x_wconf 83' lang='lat' dir='ltr'><strong>mitiges</strong></span> <span class='ocrx_word' id='word_1_221' title='bbox 498 3180 557 3248; x_wconf 79' lang='lat' dir='ltr'><strong>(sic)</strong></span> <span class='ocrx_word' id='word_1_222' title='bbox 575 3195 602 3248; x_wconf 70' lang='lat' dir='ltr'><strong>y.</strong></span> <span class='ocrx_word' id='word_1_223' title='bbox 657 3184 672 3232; x_wconf 79' lang='grc'><strong>7</strong></span> <span class='ocrx_word' id='word_1_224' title='bbox 692 3177 856 3233; x_wconf 87' lang='lat' dir='ltr'><strong>dormientis</strong></span> <span class='ocrx_word' id='word_1_225' title='bbox 874 3194 891 3247; x_wconf 79' lang='lat'><strong><em>9</em></strong></span> <span class='ocrx_word' id='word_1_226' title='bbox 910 3179 975 3246; x_wconf 75' lang='lat' dir='ltr'><strong>(tes</strong></span> <span class='ocrx_word' id='word_1_227' title='bbox 993 3180 1072 3247; x_wconf 63' lang='lat' dir='ltr'><strong>epe).</strong></span> 
     </span>
    </p>

    <p class='ocr_par' dir='ltr' id='par_1_8' title="bbox 8 3248 1111 3604">
     <span class='ocr_line' id='line_1_31' title="bbox 90 3248 1108 3320; baseline -0.004 -16"><span class='ocrx_word' id='word_1_228' title='bbox 90 3255 107 3304; x_wconf 83' lang='lat'>9</span> <span class='ocrx_word' id='word_1_229' title='bbox 125 3250 211 3306; x_wconf 89' lang='lat' dir='ltr'><strong>modo</strong></span> <span class='ocrx_word' id='word_1_230' title='bbox 228 3249 301 3304; x_wconf 87' lang='lat' dir='ltr'><strong>miro</strong></span> <span class='ocrx_word' id='word_1_231' title='bbox 311 3251 328 3304; x_wconf 87' lang='lat' dir='ltr'><strong>l.</strong></span> <span class='ocrx_word' id='word_1_232' title='bbox 350 3253 354 3317; x_wconf 84' lang='grc' dir='ltr'>Ι</span> <span class='ocrx_word' id='word_1_233' title='bbox 378 3251 485 3304; x_wconf 79' lang='lat' dir='ltr'><strong>relevet</strong></span> <span class='ocrx_word' id='word_1_234' title='bbox 501 3251 533 3304; x_wconf 85' lang='lat' dir='ltr'><strong>el</strong></span> <span class='ocrx_word' id='word_1_235' title='bbox 542 3251 601 3318; x_wconf 84' lang='lat' dir='ltr'><strong>(rb,</strong></span> <span class='ocrx_word' id='word_1_236' title='bbox 617 3249 690 3304; x_wconf 85' lang='lat' dir='ltr'><strong>solet</strong></span> <span class='ocrx_word' id='word_1_237' title='bbox 702 3249 843 3320; x_wconf 84' lang='lat' dir='ltr'><strong>depellere</strong></span> <span class='ocrx_word' id='word_1_238' title='bbox 857 3249 938 3317; x_wconf 72' lang='lat' dir='ltr'><strong>Odol:</strong></span> <span class='ocrx_word' id='word_1_239' title='bbox 962 3248 1070 3303; x_wconf 80' lang='lat' dir='ltr'><strong>revelat</strong></span> <span class='ocrx_word' id='word_1_240' title='bbox 1082 3264 1108 3315; x_wconf 73' lang='lat' dir='ltr'><strong>p.</strong></span> 
     </span>
     <span class='ocr_line' id='line_1_32' title="bbox 92 3318 1109 3391; baseline -0.004 -17"><span class='ocrx_word' id='word_1_241' title='bbox 92 3320 219 3390; x_wconf 66' lang='lat' dir='ltr'><strong>rindicio</strong></span> <span class='ocrx_word' id='word_1_242' title='bbox 237 3323 281 3376; x_wconf 84' lang='lat' dir='ltr'><strong>est</strong></span> <span class='ocrx_word' id='word_1_243' title='bbox 297 3323 392 3376; x_wconf 86' lang='lat' dir='ltr'><strong>ructus</strong></span> <span class='ocrx_word' id='word_1_244' title='bbox 406 3321 450 3376; x_wconf 84' lang='lat' dir='ltr'><strong>rt.</strong></span> <span class='ocrx_word' id='word_1_245' title='bbox 506 3327 540 3376; x_wconf 89' lang='lat'><strong>10</strong></span> <span class='ocrx_word' id='word_1_246' title='bbox 557 3320 722 3391; x_wconf 82' lang='lat' dir='ltr'><strong>intellegere</strong></span> <span class='ocrx_word' id='word_1_247' title='bbox 740 3321 823 3375; x_wconf 82' lang='lat' dir='ltr'><strong>detur</strong></span> <span class='ocrx_word' id='word_1_248' title='bbox 835 3321 948 3390; x_wconf 76' lang='lat' dir='ltr'><strong>po(lh):</strong></span> <span class='ocrx_word' id='word_1_249' title='bbox 968 3319 1051 3372; x_wconf 83' lang='lat' dir='ltr'><strong>detur</strong></span> <span class='ocrx_word' id='word_1_250' title='bbox 1069 3318 1109 3370; x_wconf 87' lang='lat' dir='ltr'><strong>in-</strong></span> 
     </span>
     <span class='ocr_line' id='line_1_33' title="bbox 8 3389 1111 3474; baseline -0.007 -26"><span class='ocrx_word' id='word_1_251' title='bbox 8 3407 9 3412; x_wconf 52' lang='lat'><em>*</em></span> <span class='ocrx_word' id='word_1_252' title='bbox 88 3392 185 3462; x_wconf 77' lang='lat' dir='ltr'><strong>telligi</strong></span> <span class='ocrx_word' id='word_1_253' title='bbox 203 3409 218 3447; x_wconf 82' lang='lat' dir='ltr'><strong>r</strong></span> <span class='ocrx_word' id='word_1_254' title='bbox 237 3394 282 3459; x_wconf 81' lang='lat' dir='ltr'><strong>(cf.</strong></span> <span class='ocrx_word' id='word_1_255' title='bbox 301 3409 324 3449; x_wconf 87' lang='lat' dir='ltr'><strong>e.</strong></span> <span class='ocrx_word' id='word_1_256' title='bbox 338 3394 391 3462; x_wconf 79' lang='lat'>25).</span> <span class='ocrx_word' id='word_1_257' title='bbox 409 3394 413 3460; x_wconf 86' lang='grc' dir='ltr'>Ι</span> <span class='ocrx_word' id='word_1_258' title='bbox 430 3391 536 3447; x_wconf 82' lang='lat' dir='ltr'><strong>omnis:</strong></span> <span class='ocrx_word' id='word_1_259' title='bbox 556 3393 591 3458; x_wconf 81' lang='lat' dir='ltr'><strong>cf.</strong></span> <span class='ocrx_word' id='word_1_260' title='bbox 608 3391 666 3446; x_wconf 86' lang='lat' dir='ltr'><strong>Odo</strong></span> <span class='ocrx_word' id='word_1_261' title='bbox 686 3393 727 3460; x_wconf 87' lang='lat' dir='ltr'><strong>(os</strong></span> <span class='ocrx_word' id='word_1_262' title='bbox 742 3391 897 3474; x_wconf 78' lang='lat' dir='ltr'><strong>stomachi).</strong></span> <span class='ocrx_word' id='word_1_263' title='bbox 945 3389 1111 3470; x_wconf 72' lang='lat' dir='ltr'><strong>irridetur</strong></span> 
     </span>
     <span class='ocr_line' id='line_1_34' title="bbox 8 3462 1109 3541; baseline -0.006 -22"><span class='ocrx_word' id='word_1_264' title='bbox 8 3493 9 3526; x_wconf 62' lang='lat'>2</span> <span class='ocrx_word' id='word_1_265' title='bbox 89 3466 218 3519; x_wconf 85' lang='lat' dir='ltr'><strong>ventrem</strong></span> <span class='ocrx_word' id='word_1_266' title='bbox 237 3465 255 3518; x_wconf 91' lang='lat' dir='ltr'><strong>l.</strong></span> <span class='ocrx_word' id='word_1_267' title='bbox 310 3468 344 3518; x_wconf 79' lang='lat'><strong>12</strong></span> <span class='ocrx_word' id='word_1_268' title='bbox 364 3466 392 3518; x_wconf 87' lang='lat' dir='ltr'><strong>et</strong></span> <span class='ocrx_word' id='word_1_269' title='bbox 409 3463 515 3518; x_wconf 80' lang='lat' dir='ltr'><strong>ventris</strong></span> <span class='ocrx_word' id='word_1_270' title='bbox 538 3462 629 3518; x_wconf 90' lang='lat' dir='ltr'><strong>dolori</strong></span> <span class='ocrx_word' id='word_1_271' title='bbox 650 3464 716 3532; x_wconf 71' lang='lat' dir='ltr'><strong>pul:</strong></span> <span class='ocrx_word' id='word_1_272' title='bbox 745 3465 778 3518; x_wconf 84' lang='lat' dir='ltr'><strong>et&#39;</strong></span> <span class='ocrx_word' id='word_1_273' title='bbox 795 3464 887 3518; x_wconf 84' lang='lat' dir='ltr'><strong>ventu</strong></span> <span class='ocrx_word' id='word_1_274' title='bbox 909 3462 954 3516; x_wconf 84' lang='lat' dir='ltr'><strong>rh.</strong></span> <span class='ocrx_word' id='word_1_275' title='bbox 1011 3463 1044 3514; x_wconf 82' lang='lat'><strong>16</strong></span> <span class='ocrx_word' id='word_1_276' title='bbox 1067 3477 1109 3541; x_wconf 68' lang='lat' dir='ltr'><strong>un·</strong></span> 
     </span>
     <span class='ocr_line' id='line_1_35' title="bbox 8 3533 1110 3604; baseline -0.005 -13"><span class='ocrx_word' id='word_1_277' title='bbox 8 3539 9 3558; x_wconf 34' lang='lat' dir='ltr'><strong>l</strong></span> <span class='ocrx_word' id='word_1_278' title='bbox 88 3535 321 3604; x_wconf 73' lang='lat' dir='ltr'><strong>gravescentibus</strong></span> <span class='ocrx_word' id='word_1_279' title='bbox 348 3551 371 3590; x_wconf 84' lang='lat' dir='ltr'><strong>r.</strong></span> <span class='ocrx_word' id='word_1_280' title='bbox 436 3541 469 3589; x_wconf 87' lang='grc'><strong>16</strong></span> <span class='ocrx_word' id='word_1_281' title='bbox 497 3551 518 3588; x_wconf 85' lang='lat' dir='ltr'><strong>r.</strong></span> <span class='ocrx_word' id='word_1_282' title='bbox 541 3549 607 3588; x_wconf 81' lang='lat' dir='ltr'><strong>vero</strong></span> <span class='ocrx_word' id='word_1_283' title='bbox 635 3533 726 3590; x_wconf 85' lang='lat' dir='ltr'><strong>aerior</strong></span> <span class='ocrx_word' id='word_1_284' title='bbox 753 3535 799 3590; x_wconf 81' lang='lat' dir='ltr'><strong>rb.</strong></span> <span class='ocrx_word' id='word_1_285' title='bbox 866 3539 899 3588; x_wconf 87' lang='grc'><strong>18</strong></span> <span class='ocrx_word' id='word_1_286' title='bbox 928 3544 1022 3587; x_wconf 87' lang='lat' dir='ltr'><strong>semen</strong></span> <span class='ocrx_word' id='word_1_287' title='bbox 1048 3546 1110 3586; x_wconf 90' lang='lat' dir='ltr'><strong>e1us</strong></span> 
     </span>
    </p>
   </div>
   <div class='ocr_carea' id='block_1_6' title="bbox 87 3605 948 3745">
    <p class='ocr_par' dir='ltr' id='par_1_9' title="bbox 87 3605 948 3745">
     <span class='ocr_line' id='line_1_36' title="bbox 87 3605 172 3662; baseline 0 0"><span class='ocrx_word' id='word_1_288' title='bbox 87 3605 107 3662; x_wconf 80' lang='lat' dir='ltr'><strong>f.</strong></span> <span class='ocrx_word' id='word_1_289' title='bbox 127 3606 172 3662; x_wconf 84' lang='lat' dir='ltr'><strong>rb.</strong></span> 
     </span>
     <span class='ocr_line' id='line_1_37' title="bbox 162 3689 948 3745; baseline 0.001 -1"><span class='ocrx_word' id='word_1_290' title='bbox 162 3719 174 3744; x_wconf 78' lang='grc' dir='ltr'>ι</span> <span class='ocrx_word' id='word_1_291' title='bbox 894 3689 948 3745; x_wconf 82' lang='grc'><strong>11*</strong></span> 
     </span>
    </p>
   </div>
   <div class='ocr_carea' id='block_1_7' title="bbox 0 0 1315 4040">
    <p class='ocr_par' dir='ltr' id='par_1_10' title="bbox 0 0 1315 4040">
     <span class='ocr_line' id='line_1_38' title="bbox 0 0 1315 4040; baseline 0 0"><span class='ocrx_word' id='word_1_292' title='bbox 0 0 1315 4040; x_wconf 95' lang='lat' dir='ltr'><strong> </strong></span> 
     </span>
    </p>
   </div>
  </div>
 </body>
</html>
