2610 4040
499 224 717 288 ,43-.

100 401 177 462 aqua
198 384 389 464 perfunditur
412 402 577 464 rursusque
604 387 694 448 ineo
722 388 787 448 loco
811 407 848 455 ex

100 489 161 551 quo
185 481 291 534 erutus
309 480 355 534 est
378 474 460 534 vivus
480 474 639 537 suffoditur
661 483 691 536 et
715 493 749 537 ea
772 493 848 555 aqua

98 556 147 621 in‘
164 560 269 622 eodem
300 561 398 623 catillo
425 560 546 623 bibitur.
588 563 705 624 cocleae
738 564 847 626 crudae
875 577 961 638 autu

98 651 189 711 tritae
214 652 335 710 euvino
355 652 471 711 amineo
490 669 559 711 cum
571 653 675 732 pipere
695 652 847 715 bibuntur.

66 737 212 798 ⁵laoerta
241 738 344 799 viridis
380 737 500 818 dempto
532 742 627 819 eapite
659 749 690 802 et
720 741 847 821 pedibus
909 745 945 800 ab.

98 843 171 887 eum
196 828 371 910 interaneis,
403 826 520 888 condita
548 835 582 889 ut
608 829 759 891 fastidium
787 830 846 891 abi-

96 922 201 995 gatur,
232 917 265 975 in
292 913 357 976 cibo
388 916 484 976 datur.
525 916 641 978 rubiam
659 924 727 997 'qua
753 918 847 999 pelles
874 930 962 995 atet.

96 1002 299 1067 coniiciuntur
323 1005 443 1066 cottidie
467 1003 570 1065 bibere
594 1005 666 1066 utile
685 1015 731 1068 est
754 1015 784 1067 et
806 1007 846 1067 la·
874 1019 961 1082 atne.

95 1092 170 1152 vari.
204 1095 335 1170 genistae
354 1095 429 1153 rami
447 1092 583 1171 plurimis
598 1092 703 1155 diebus
717 1096 749 1156 in
762 1103 846 1156 aceto

52 1191 81 1231 10
96 1187 300 1262 macerantur,
328 1181 434 1242 deinde
461 1181 629 1243 tunduntur
656 1190 686 1242 et
714 1200 846 1261 coquun-

96 1277 165 1330 tur:
206 1287 243 1328 ex
272 1287 308 1329 eo
340 1287 413 1330 suco
449 1269 571 1331 cottidie
603 1269 726 1349 cyathus
761 1274 846 1350 potui

96 1357 196 1418 datur.
232 1358 319 1418 fimus
337 1357 499 1420 bubulinus
518 1356 677 1420 calefactus
695 1360 726 1419 in
745 1361 846 1420 cinere
873 1370 978 1434 28199.

95 1445 226 1506 ferventi
248 1445 322 1507 locis
341 1445 509 1508 dolentibus
528 1448 559 1507 in
579 1446 657 1508 foliis
676 1449 845 1509 cuiuscum-

95 1551 157 1611 que
181 1532 291 1594 boleris
313 1536 484 1626 imponitur.

164 1713 245 1772 1111„
267 1716 552 1774 Preocordiorum
573 1719 694 1774 dolori.
727 1689 729 1694 ¹

52 1846 79 1886 15
166 1831 200 1892 ln
236 1837 409 1895 universum
449 1835 623 1914 praecordia
660 1836 846 1915 appellantur
873 1847 961 1910 tout.

95 1939 176 2002 quae
199 1921 289 2002 aliqui
311 1925 342 1984 in
360 1923 446 2003 plura
464 1922 606 1985 vocabula
625 1924 773 2005 dividunt,
796 1943 844 1984 vo·

93 2018 201 2072 cantes
228 2011 316 2072 modo
344 2011 542 2092 stomachum,
573 2013 725 2074 interdum
753 2015 846 2092 ieeur,

93 2099 248 2160 interdum
267 2101 449 2180 praecordia.
477 2101 549 2161 haec
569 2119 638 2162 cum
655 2101 846 2162 induruerint
903 2104 934 2138 '¹‘

65 2240 70 2247 s
93 2194 218 2266 praeter
240 2190 446 2268 gravissimum
469 2189 603 2249 dotorem
630 2189 846 2251 velocissimam

50 2288 78 2328 20
94 2282 226 2335 mortem
246 2277 397 2356 ingerunt.

166 2362 219 2424 His
233 2367 356 2426 caninus
366 2365 482 2426 catulus
495 2364 607 2426 lactans
622 2365 747 2427 subinde
758 2385 846 2446 appo·
873 2377 961 2442 eone.

94 2454 182 2512 nitur
212 2454 302 2531 inque
330 2472 400 2514 eum
426 2455 531 2514 vitium
561 2456 690 2515 transire
718 2462 846 2516 constat:

95 2538 273 2602 defunctum
295 2541 383 2602 obrui
402 2544 494 2602 moris
518 2548 572 2603 est.
609 2541 692 2602 bulbi
714 2544 779 2603 triti
802 2545 845 2602 in·
874 2553 978 2616 20104

171 2711 454 2768 tto.triteotudeot.
506 2718 610 2767 texv.
625 2712 819 2780 ammineoqd
838 2709 1114 2782 (exvinomerorb,

96 2783 258 2838 ιιιιειιιοὺἠ
265 2784 296 2853 i).
323 2782 327 2850 Ι
351 2781 502 2837 bibiturd.
575 2782 724 2837 brondita
742 2785 774 2836 nt
795 2783 815 2836 f.
834 2799 858 2837 a.
882 2797 932 2837 orn
954 2782 999 2836 Pi.
1025 2784 1029 2850 Ι
1054 2754 1114 2838 ebi-

104 2853 190 2935 gsiut
201 2869 266 2935 'epo-
283 2852 383 2922 angat
399 2853 490 2922 qdrb.
562 2857 579 2906 8
601 2853 783 2922 perficiuntur
802 2853 846 2908 Pl.
871 2851 1042 2922 (inficiuntur
1060 2854 1116 2923 M).
1195 2860 1206 2882 ·

98 2921 301 3008 mfidieffl
296 2924 426 2992 lbibere
452 2922 523 2979 utile
546 2871 620 2980 est.p
634 2924 721 2979 Lauri
743 2927 773 2980 eb
815 2925 909 2980 eneste
925 2925 1064 2995 pd(item
1080 2929 1115 2992 r).

96 2995 150 3050 ubi
167 2993 253 3062 lauri,
272 2995 305 3050 de
322 3010 376 3078 quo
393 2995 454 3049 subt
469 2994 524 3062 Pt,
541 2999 640 3050 amum
657 2999 695 3049 est
718 3010 791 3063 ex„
825 2993 935 3062 vari“(
925 2997 970 3062 (ut
985 2994 1115 3050 bibentes

96 3065 229 3121 leventur
247 3064 351 3121 cotidie
370 3065 416 3120 Pl.
435 3065 470 3133 os.
490 3064 626 3134 Marap
628 3071 742 3119 ...174
754 3065 884 3121 .cotidie
901 3064 998 3122 bibere
1015 3064 1116 3120 ischia-

115 3133 170 3191 ieis
187 3135 258 3191 utile
276 3137 319 3192 est
336 3135 392 3192 ot'
382 3153 413 3190 ιιι
430 3135 532 3191 balneo
551 3135 672 3191 ferventi
693 3135 792 3192 lavem.
818 3135 949 3191 Genietee
967 3135 1075 3193 remi..
1087 3138 1116 3204 ).

14 3215 15 3218 ’
132 3205 254 3263 eremis
272 3211 336 3264 ante
354 3223 423 3263 corr.
441 3222 467 3276 p
538 3213 570 3261 11
590 3222 625 3262 ex
643 3223 693 3262 suo
713 3222 789 3263 suco.
816 3209 846 3261 et
864 3205 968 3262 cotidie
987 3206 1068 3263 ciebis
1085 3206 1116 3261 id

96 3347 181 3432 potui
208 3348 344 3404 deturd.
418 3354 451 3402 12
470 3347 659 3404 bubulcusd.
738 3355 770 3404 13
795 3365 880 3419 o1mq;
906 3349 1062 3406 holerisd.

96 3420 141 3474 tu
160 3419 203 3473 De
220 3419 430 3503 precordiorum
448 3418 589 3475 delored.
663 3424 696 3474 to
715 3420 845 3476 universo
863 3421 912 3490 qd.
982 3423 1016 3473 18
1034 3417 1115 3474 indu-

96 3488 206 3546 ruerint
222 3492 278 3560 φῶ
285 3493 327 3561 me)
354 3489 584 3546 induraverintd
607 3492 647 3560 (se
670 3494 859 3561 gravaverunt
876 3491 934 3560 rb).
1011 3494 1044 3542 21
1073 3489 1115 3543 ln-

97 3563 179 3618 mans
197 3577 228 3631 9.
255 3561 365 3618 iaciens
383 3561 402 3618 d
425 3562 502 3631 (Pi).
557 3567 591 3616 ta
611 3563 723 3618 constet
742 3563 771 3632 (i)
790 3562 892 3631 qd(r).
920 3559 1043 3618 creditur
1067 3560 1115 3618 Pl.
