2620 4030
473 245 714 311 -155-

88 405 212 468 auribus
235 409 296 468 sire
316 403 438 468 naribus
457 425 525 469 cnm
542 415 627 487 parte
646 415 734 473 tertia
753 413 849 477 mellis
872 417 998 478 inlusus.

21 575 23 578 Ι
87 487 129 558 it'a
158 497 237 558 idem
264 495 434 558 lumborum
455 496 575 558 dolores
606 515 643 558 ex
670 502 738 563 rino
761 505 897 566 mitiores
920 503 998 566 iacit.

87 585 264 664 sanguinem
285 584 509 668 excreantibus,
537 585 687 670 pthisico,
715 593 803 652 etiam
827 591 998 654 destillatio·

86 672 178 734 nibus
195 675 405 736 vetustissimis
423 674 471 735 vel
489 693 526 735 en
544 677 609 755 ipso
628 675 714 740 cibus
733 680 891 742 utilissime
910 681 998 742 datm·

58 761 153 830 uvel,
168 779 258 823 sucus
289 763 320 822 in
352 764 473 843 potione
506 758 658 826 miscetur.
701 769 733 828 in
761 767 832 830 cibo
861 777 998 849 sumptus
1081 833 1084 838 ,

85 849 251 930 plurimum
269 859 358 912 estur
381 857 485 913 contra
508 869 622 913 venena
643 853 814 935 fungorum.
851 858 998 919 fracturas

86 939 201 1020 alligat,
234 939 358 1002 duritias
385 939 510 1020 relaxat,
538 940 660 1002 vulnera
690 949 822 1008 recentia
846 964 915 1008 cum
938 945 998 1008 sale

86 1027 242 1108 adpositus
259 1030 359 1090 statim
377 1027 501 1110 claudit,
520 1028 680 1092 ebrietates
698 1032 835 1116 discutit,
858 1052 999 1096 venerem

86 1115 233 1197 stimrdat,
255 1118 336 1178 sitim
353 1117 450 1198 sedat,
472 1125 607 1179 ventrem
627 1119 729 1182 mollit.
758 1141 863 1184 rocem
881 1123 999 1185 adiurat

46 1223 72 1264 ro
87 1204 287 1284 adstipulante
304 1204 423 1267 Nerone
445 1208 499 1284 qui
521 1224 612 1285 porro
631 1206 735 1271 debuit
758 1213 897 1291 quotiens
919 1205 1095 1272 beneP·19‚

87 1295 225 1356 maurit.
998 1281 1105 1347 salua.

155 1378 315 1462 <Capitate
343 1401 434 1463 porro
461 1385 493 1444 in
516 1401 552 1444 eo
579 1384 660 1463 quod
682 1393 845 1449 extenuare
876 1387 998 1466 quidem

84 1469 205 1532 ridetur
227 1471 355 1533 calorata
372 1474 416 1533 vis
438 1473 586 1553 creditur,
609 1473 662 1534 sed
684 1474 812 1537 admixta
832 1483 879 1538 est
901 1476 944 1536 illi
967 1483 998 1538 et

85 1560 212 1620 acrioris
250 1568 281 1622 et
321 1559 415 1623 umidi
451 1559 586 1640 qualitas.
641 1562 768 1642 ideoque
806 1564 1012 1626 Dioscorides*
1030 1559 1068 1613 D·

46 1665 71 1706 1⁵
85 1647 161 1709 baec
182 1650 213 1710 in
233 1666 269 1712 eo
289 1651 360 1712 vitia
381 1655 540 1729 percenset
563 1650 643 1728 quod
665 1651 833 1714 inflationes
852 1635 1095 1715 stomacbibll&

86 1738 211 1817 excitet,
246 1755 335 1800 sucos
366 1737 489 1800 inutiles
520 1746 657 1820 generet,
689 1742 820 1803 vesicam
850 1741 997 1821 vulneret,

86 1824 228 1904 caligines
254 1828 389 1888 incutiat.
424 1833 513 1905 atque
537 1826 605 1888 ideo
627 1827 764 1908 flegmate
792 1828 997 1891 laborantibus

85 1913 203 2008 modice
217 1913 319 1995 datur,
331 1913 399 1976 lelle
413 1921 514 1977 autem
526 1933 652 1994 prorsus
670 1916 879 1996 denegandum
892 1919 996 1978 rectis·

84 2003 162 2066 sime
180 2001 309 2065 Galenus
328 2005 485 2065 existimat.
518 2005 588 2066 vitia
605 2006 671 2066 eius
689 2004 763 2066 baec
778 2006 871 2068 ferme
888 2005 987 2068 riden-
998 2009 1120 2065 dubia

46 2224 71 2263 2⁰
152 2215 255 2274 Porrus
276 2217 365 2273 minus
387 2215 495 2291 quidem
512 2215 649 2290 calefacit,
672 2218 777 2274 urinam
800 2226 892 2274 umen
907 2224 999 2274 moret
1017 2216 1073 2283 (60)

85 2307 116 2357 et
137 2302 270 2374 egeritur.
307 2300 388 2357 babet
402 2302 483 2368 etiam
504 2308 610 2376 partem
632 2303 836 2377 purgatoriam:
859 2302 999 2359 humectat

85 2385 169 2444 enim.
210 2384 391 2443 carbunculos
418 2391 495 2442 curat
514 2392 555 2470 ¹et
588 2387 769 2447 stomachum·
818 2393 882 2460 post
912 2384 1000 2443 ebrum

86 2469 262 2544 accipiendus
277 2478 329 2527 est.
359 2470 440 2527 tritus
461 2485 524 2527 cum
539 2468 619 2526 mella
634 2470 747 2527 vulnera
762 2469 872 2528 sordida
886 2477 999 2545 purgat.

153 2553 260 2612 Sectilis
293 2570 393 2628 porrus
424 2555 453 2611 ln
483 2553 542 2611 cibo
571 2563 698 2629 sumptus
727 2570 821 2612 vocem
855 2561 997 2629 expurgat.
1017 2559 1074 2628 (ei)

46 2649 70 2690 aa
85 2655 170 2696 sucus
193 2637 322 2696 loliorum
344 2639 402 2696 eius
425 2654 486 2695 cum
509 2653 622 2696 rosaceo
645 2638 757 2696 vulnera
779 2639 885 2694 aurbrm
906 2645 935 2694 et
957 2644 1000 2693 tu·

85 2739 178 2782 mores
204 2723 263 2780 sive
291 2739 467 2797 percussuras
495 2729 582 2780 curat.
627 2739 710 2780 sucus
738 2724 796 2779 eius
823 2737 885 2780 cum
913 2720 1001 2796 gabae

151 2941 311 3012 bptbisiois
329 2943 353 2996 l:
367 2941 477 3013 ptisi'ois
489 2958 536 3011 go.
553 2943 557 3006 Ι
573 2938 807 2996 distillationibus
822 2941 967 3012 (mamm)
981 2940 1106 3010 gelbis).

122 3011 796 3082 tutilisdmdaturgolzutilissumstnrrb.
851 3016 969 3068 daucus
993 3011 1024 3066 in
1062 3011 1106 3066 ol:

85 3100 170 3139 mous
188 3083 247 3138 eius
265 3082 297 3138 in
313 3084 381 3153 abl
402 3083 542 3139 miscetur.
570 3083 603 3136 In
621 3081 686 3137 cibo
704 3099 725 3136 s.
743 3083 831 3152 godi:
859 3082 1002 3138 mboetur.
1043 3081 1109 3137 dem

84 3171 187 3210 succus
209 3155 240 3209 in
262 3153 326 3211 cibo
344 3172 366 3210 s.
384 3156 429 3210 rb.
484 3156 597 3209 deutur
610 3153 692 3222 (Pl.):
715 3157 760 3208 est
780 3154 847 3222 gol,
869 3153 987 3236 prodest
1008 3154 1053 3209 rb.

85 3231 103 3281 ’1
121 3225 240 3282 vulnera
253 3226 335 3297 (Pl.):
347 3227 450 3281 ulcera
468 3219 610 3295 (lugdono)
624 3224 719 3280 Diosc.
770 3229 787 3279 8
806 3223 896 3280 cludit
912 3241 960 3296 go.
1011 3229 1046 3280 10
1060 3223 1108 3278 nd»

85 3296 243 3367 stipulante
261 3313 290 3352 o:
309 3296 481 3368 astipulante
493 3296 602 3366 gi(rb).
618 3298 623 3364 l
639 3295 688 3364 qni
702 3296 712 3349 l
726 3294 754 3363 (b
761 3297 803 3365 ἠε
822 3311 896 3365 quaa
908 3311 947 3366 go
958 3295 1025 3364 (rb).
1041 3293 1107 3360 sort.

84 3383 152 3438 qua
167 3368 173 3434 l
188 3367 239 3438 qui
255 3383 369 3438 porrum
387 3364 534 3449 doninica
572 3371 606 3421 12
620 3365 848 3422 Additamentum
865 3367 970 3422 meod.
989 3364 1018 3419 8.
1033 3363 1108 3418 aaa.

86 3439 280 3566 iata
349 3434 1091 3564 ΗΜ·

86 3582 205 3650 generet
222 3581 280 3637 cod.
297 3584 301 3651 Ι
316 3580 418 3636 virales
437 3583 516 3650 (corr.
535 3577 634 3646 nisiae)
657 3578 715 3634 eod.
776 3585 808 3633 19
827 3577 908 3632 firma
926 3592 995 3632 corr.
1014 3575 1071 3630 cod.
