2620 4040
586 228 828 290 -ror-
1296 282 1297 370 t

309 391 464 452 dederunt.
493 388 668 450 conluenclis
683 388 824 450 dentibus
840 389 1015 468 frequenter
1029 387 1221 467 adsumptum

309 481 440 558 integros
464 497 516 539 eos
540 496 657 538 servare
680 479 889 556 praesumitur.
927 476 1112 538 tardantibus
1136 493 1220 536 men-

309 569 401 629 struis
429 568 607 628 feminarum
630 584 691 626 nou
718 565 823 626 inutile
847 576 893 627 est
917 565 962 626 vel
989 568 1068 645 ipsas
1096 567 1127 624 in
1150 565 1221 625 cibo
1297 632 1298 652 χ

310 657 417 718 ollerre
445 655 491 716 vel
516 673 621 716 sucum
653 673 691 715 ex
718 657 779 714 viui
809 657 930 734 potione
958 657 1094 714 miscere.
1138 654 1221 715 idern

310 763 400 807 sucus
432 752 463 804 et
490 751 579 822 caput
610 745 720 822 optime
752 751 860 822 purgat
893 746 919 803 si
951 743 1038 803 modo
1070 745 1250 821 patientero

309 833 431 894 naribus
454 833 545 893 luerit
572 839 730 912 attractus,
761 840 791 892 et
814 850 883 892 oum
906 832 990 910 adipe
1018 831 1141 910 gallinae
1165 834 1220 892 tri-

311 931 393 984 turas
406 920 516 1001 pedum
531 922 645 999 mitigat
664 937 737 999 quas
752 919 942 981 calciamenta
957 921 1102 980 lecerunt.
1135 919 1222 980 lluxu
1298 980 1299 1006 p

309 1012 422 1071 ventris
435 1008 639 1070 laborantibus
652 1010 766 1088 profuit
779 1017 880 1070 coctas
894 1027 945 1070 eas
958 1011 990 1068 iu
1004 1008 1071 1069 cibo
1085 1016 1222 1087 sumptas
1298 1007 1299 1036 l

309 1100 375 1160 olco
397 1101 483 1178 prius
510 1101 661 1179 tinguere,
690 1097 804 1158 seilicet
832 1098 868 1157 ad
896 1098 1073 1177 mitigandos
1100 1115 1222 1157 morsus

310 1206 385 1267 quos
408 1190 439 1248 in
462 1187 608 1248 eiusmodi
631 1190 729 1248 causis
752 1189 874 1247 necesse
903 1189 961 1247 erit
984 1187 1122 1265 experiri.
1160 1185 1265 1246 alo-1⁰

309 1279 409 1357 pecias
432 1279 530 1338 tunsis
553 1277 634 1355 cepis
661 1276 800 1335 infricarc
827 1277 907 1336 iuter
935 1275 1066 1336 efficacia
1088 1275 1222 1335 remedia
1299 1331 1300 1351 θ

230 1363 292 1418 Gal·
313 1373 499 1446 compertum
517 1372 571 1425 est.
609 1363 738 1426 Galenus
757 1363 891 1424 adfirmat
910 1366 998 1425 citius
1017 1381 1054 1423 ex
1072 1363 1119 1423 his
1137 1366 1222 1424 nasci
1299 1363 1300 1396 l

201 1435 435 1564 fflfflcapillos
459 1471 546 1532 quam
570 1455 595 1513 si
619 1453 752 1532 alcyonio
776 1455 843 1530 quis
866 1460 977 1514 utatur.

205 1611 249 1678 (cf.
266 1610 311 1666 Pl.
380 1599 538 1656 XXVIII.
570 1601 619 1655 De
642 1601 779 1657 anetho.

204 1684 302 1752 2054).
378 1699 492 1760 Anotho
521 1701 577 1759 etsi
604 1699 697 1760 calida
725 1703 768 1760 vis
796 1700 936 1783 traditur,
964 1719 1024 1761 nou
1052 1708 1224 1762 esttamen
1300 1677 1301 1714 ³

311 1787 472 1868 plurimum
491 1788 610 1849 fervens
629 1807 684 1849 nec
704 1799 835 1872 austera,
859 1807 962 1851 verum
980 1788 1070 1850 habet
1093 1788 1223 1868 aliquam
1240 1803 1265 1842 1⁵

238 2004 292 2072 (57)
375 1985 461 2058 Copae
484 1984 569 2040 oculis
593 1983 701 2058 quidem
724 1991 857 2058 prosunt,
881 1978 982 2062 [inlusa
1005 1984 1115 2041 dolores
1131 1993 1160 2041 ct
1178 2001 1223 2041 ca·

311 2067 410 2142 ligines
426 2069 515 2141 tollit,
537 2078 646 2143 sumpta
661 2071 746 2126 nutrit
762 2064 889 2146 flegma],
912 2070 960 2126 scd
975 2070 1086 2144 corpori
1109 2069 1224 2126 inutiles

311 2161 425 2226 propter
446 2152 564 2209 calorem
588 2163 615 2208 et
637 2155 827 2226 acrimoniam,
849 2156 912 2228 quia
932 2169 983 2210 nec
1005 2162 1156 2227 egeruntur
1172 2171 1225 2212 nec

311 2237 437 2292 nutriunt
458 2252 571 2311 corpus:
599 2237 634 2293 ob
657 2238 711 2294 lroc
737 2237 855 2298 inutiles.
893 2247 1006 2296 namet
1032 2237 1224 2296 calefacientes

313 2321 416 2376 siccant
442 2335 552 2394 corpus.
595 2338 661 2396 cepa
690 2324 754 2380 trita
782 2339 843 2379 cum
872 2331 948 2380 aceto
977 2333 1005 2380 et
1030 2322 1088 2380 sala
1117 2325 1224 2380 morsui
1240 2335 1268 2374 ao

312 2405 407 2461 canino
436 2407 576 2464 convenit:
613 2409 716 2464 recenti
743 2408 893 2481 inponitur.
946 2417 1023 2464 cocta
1051 2424 1112 2466 cum
1140 2407 1225 2464 melle

313 2490 375 2546 trita
405 2489 555 2546 veterrimis
583 2491 740 2548 vulneribus
775 2488 800 2566 (a
828 2509 921 2548 morsu
949 2494 1047 2549 canino
1075 2489 1166 2562 iactis)
1195 2501 1226 2547 et

311 2575 461 2632 bestiarum
484 2577 604 2632 emulum
626 2576 715 2650 plagis
738 2576 876 2632 convenit.
907 2592 989 2632 sucus
1012 2577 1071 2633 eius
1093 2592 1154 2632 cum
1178 2593 1226 2632 ro·

312 2675 391 2722 saceo
415 2659 518 2716 aurium
540 2660 701 2716 surditatem
729 2658 821 2716 solvit.
865 2677 947 2718 sucus
977 2662 1035 2717 eius
1062 2677 1122 2717 cum
1152 2658 1226 2717 lactc

311 2743 433 2800 mulieris
449 2745 552 2800 aurium
569 2744 691 2802 dolorem
715 2744 798 2802 tollit.
835 2745 957 2820 alopiciis
978 2746 1082 2804 fricatis
1104 2744 1137 2801 de
1154 2761 1224 2818 cepa
1240 2760 1267 2799 2⁵

312 2825 425 2902 capillos
447 2829 581 2886 nutriunt.

278 3017 291 3064 1
318 3012 541 3082 con(co)luendis
564 3028 614 3082 θυε
644 3011 797 3068 colluendis
816 3013 911 3084 l(rb).
937 3016 941 3081 Ι
966 3014 1140 3083 assumptum
1164 3013 1227 3081 (ad-

205 3085 348 3153 sumptum
371 3085 401 3153 υ)
429 3081 553 3153 integros
576 3085 641 3154 θυῖε
670 3083 833 3154 assumitur,
857 3100 956 3154 aegros
974 3085 1019 3138 rb.
1075 3085 1228 3140 ilarden-

204 3155 281 3210 libus
303 3156 347 3210 rb.
416 3161 432 3208 3
457 3156 534 3210 cibos
557 3156 574 3210 ῖ.
644 3154 809 3210 Ilecerunl
829 3157 862 3224 θῖ
885 3157 970 3224 (fecer
988 3158 1028 3224 o):
1057 3171 1099 3210 ·rc
1116 3155 1164 3210 rb.

206 3232 222 3282 8
241 3227 367 3295 sumptas
386 3242 410 3282 o.
429 3244 457 3296 p.
475 3225 604 3296 tinguere
622 3227 689 3296 θυῖε
712 3244 820 3308 sumere
839 3243 864 3281 ο.
883 3245 909 3296 p.
928 3227 1032 3282 tinctas
1049 3227 1094 3281 rlr.
1151 3232 1168 3280 9
1187 3227 1229 3284 ad

205 3299 270 3366 θυῖε
294 3299 323 3352 et
341 3298 384 3352 rb.
414 3343 417 3348 .
442 3305 474 3352 10
494 3297 630 3353 eiusmodi
648 3299 715 3368 θυῖε
743 3298 904 3352 humamodi
921 3300 965 3352 rb.
988 3297 992 3366 Ι
1013 3296 1079 3352 erile
1107 3299 1151 3352 esi
1170 3299 1189 3352 ῖ.

207 3375 238 3422 11
263 3368 296 3422 Α.
315 3367 402 3423 etiem
424 3369 514 3424 tunsis
533 3369 576 3424 rb.
634 3375 665 3423 12
690 3367 810 3424 Galenus
832 3370 920 3438 θυῖῖε
949 3367 1082 3426 Galienus
1100 3384 1123 3424 r.
1145 3369 1151 3437 Ι
1177 3369 1229 3424 ad-

205 3439 326 3492 firmata
346 3439 480 3508 (affirmat
491 3441 541 3508 θῖ).
559 3439 623 3508 this
641 3441 707 3508 θυῖε
726 3439 762 3494 iis
781 3442 825 3496 rb.
871 3442 913 3494 tlt.
929 3446 954 3496 ct
969 3446 1010 3496 14.
1023 3441 1099 3509 ·(etc.)
1118 3441 1230 3496 anetho

205 3526 243 3578 θυ
254 3510 303 3578 (b):
323 3511 406 3566 aneto
421 3511 481 3578 ῖῖυ).
521 3515 553 3564 15
567 3526 665 3564 rerum
678 3510 765 3565 habet
778 3511 903 3580 aliquam
917 3511 947 3566 in
961 3529 990 3568 so
1004 3509 1091 3566 ctiam
1104 3528 1142 3566 nn
1157 3513 1229 3580 θυῖε

206 3595 304 3632 rernm
322 3578 352 3634 in
371 3596 401 3634 se
419 3580 506 3634 habet
523 3579 649 3648 aliquam
667 3581 763 3648 (etiam
782 3585 807 3651 r)
826 3601 863 3636 m.
883 3583 927 3638 rb.
