2620 4030
16 83 365 318 s
604 242 823 306 —74-

303 410 311 422 ’
339 419 443 482 20103.
472 413 551 466 nant.
589 404 725 464 ellicaces
753 411 823 464 sunt
852 410 883 463 et
909 401 992 463 bulbi
1019 404 1084 464 triti
1111 421 1220 482 perse

472 495 508 555 ad
526 493 648 554 vulnera
671 492 855 571 glutinanda:
878 491 1023 552 adiciebat
1041 498 1141 551 tamen
1164 491 1221 552 illis

471 582 585 643 Damon
604 582 737 642 medicus
756 598 893 641 muscum
912 582 963 660 qui
984 582 1014 640 in
1034 597 1110 660 aqua
1128 581 1221 659 gigni·

357 683 443 747 2888.
471 680 522 732 tur
550 678 580 731 et
607 670 654 730 die
683 671 787 749 quinto
818 667 957 729 solvebat.
998 666 1222 747 myrobalanum
1286 682 1287 752 j

472 768 507 820 ut
532 761 593 819 iam
620 758 748 819 diximus
775 775 870 836 genus
902 767 947 819 cst
977 764 1113 836 caryotae
1142 757 1243 836 quod5

472 865 506 908 os
529 865 590 908 non
616 845 719 907 habet:
751 847 824 907 haec
849 848 976 906 euvino
1004 852 1124 906 austero
1153 849 1222 907 trita

335 939 444 1009 (2115.)
471 934 594 996 vulnera
623 935 735 996 solidat.
773 942 803 995 et
834 936 969 1014 cupressi
995 932 1064 995 folia
1087 936 1160 994 trita
1187 934 1221 994 ad

316 1029 444 1097 (tatae)
473 1024 601 1084 eundem
634 1026 773 1085 effectum
805 1026 1008 1103 imponuntur.
1058 1020 1127 1082 rubi
1161 1025 1220 1082 sive

254 1157 256 1162 .
472 1112 581 1192 platani
609 1113 654 1173 vel
682 1112 736 1172 llos
764 1111 810 1172 vel
832 1125 916 1172 mora
946 1114 1009 1172 sine
1037 1110 1221 1172 collectionis
1288 1128 1289 1210 p

316 1205 444 1276 (24,152.)
472 1202 605 1281 periculo
629 1209 742 1262 sanant.
779 1210 809 1262 et
831 1201 1015 1262 millefolium
1035 1202 1142 1260 tritum
1160 1200 1254 1260 vul-1⁰
1288 1219 1289 1224 ¹

357 1302 443 1365 2581.
473 1291 596 1352 neribus
627 1291 799 1370 imponitur.
846 1291 1015 1350 centauriae
1047 1289 1131 1348 radix
1163 1296 1220 1349 tam

419 1442 426 1452 ,
473 1380 576 1440 efficax
605 1388 650 1440 est
677 1379 714 1440 ad
741 1377 841 1457 plagas
865 1377 1051 1457 glutinandas
1074 1385 1109 1438 ut
1132 1380 1221 1438 etiam
1289 1350 1290 1430 l

473 1485 577 1528 carnes
600 1467 812 1530 cohaerescant
835 1485 910 1546 quae
939 1485 1008 1528 cum
1030 1484 1065 1526 ea
1087 1483 1219 1545 coquun-

357 1566 443 1628 2881.
472 1563 530 1616 tur.
566 1556 631 1615 lana
655 1555 757 1616 sucida
779 1556 946 1616 infunditur
968 1558 1001 1615 in
1021 1554 1079 1615 mel
1103 1563 1133 1616 ct
1156 1573 1220 1615 ace·
1290 1571 1291 1656 p

341 1637 345 1644 ’
473 1649 537 1703 tum
569 1643 708 1722 frigidum
737 1651 767 1704 et
799 1643 911 1725 oleum,
943 1643 1049 1704 deinde
1079 1661 1220 1723 expressa
1234 1651 1255 1690 ¹⁵
1290 1671 1291 1682 1

338 1742 445 1805 81,126.
472 1733 642 1810 imponitur.
681 1734 803 1811 spongia
826 1751 862 1792 ex
885 1751 960 1811 aqua
984 1731 1105 1793 caelesti
1126 1734 1219 1811 impo-

473 1821 528 1880 sita
551 1823 683 1881 recentia
702 1828 783 1881 secta
801 1839 861 1881 non
879 1823 992 1900 patitur
1011 1822 1219 1881 intumescere.
1291 1795 1292 1863 l

338 1920 444 1982 28242.
472 1916 503 1969 et
530 1927 598 1970 caro
626 1909 710 1970 vituli
737 1908 909 1970 recentibus
935 1907 1109 1970 vulneribus
1139 1916 1220 1969 arcet

371 2000 407 2053 s't.
471 2005 628 2060 tumorem.
662 1998 742 2059 idem
760 1999 863 2059 fimum
882 1997 1027 2059 bubulum
1045 2015 1115 2058 cum
1132 1996 1219 2057 melle
1292 2016 1293 2085 p

338 2096 444 2158 28248.
471 2094 609 2164 praestat.
637 2094 775 2147 recentes
793 2086 893 2166 plagas
907 2087 987 2146 lerro
1006 2086 1099 2146 lactas
1117 2086 1220 2164 gluten
1233 2096 1256 2134 ²⁰
1292 2087 1293 2098 ¹

471 2177 623 2235 taurinum
645 2174 839 2254 liquefactum
861 2182 949 2255 atque
973 2176 1147 2253 impositum
1169 2192 1219 2234 ne·

472 2279 530 2340 que
549 2271 616 2323 ante
636 2262 715 2323 diem
729 2266 852 2325 tertium
866 2262 996 2326 solutum
1014 2263 1220 2326 efficacissime

470 2351 559 2410 iuvat.

538 2515 618 2572 ΠΗ.
640 2516 831 2572 Ulceribus.

538 2635 606 2695 Scio
630 2636 742 2714 gratius
761 2635 896 2695 futurum
914 2634 1021 2714 fuisse,
1044 2636 1070 2694 si
1094 2633 1220 2713 singulis

469 2723 629 2801 generibus
644 2723 778 2784 ulcerum
793 2724 966 2783 nominatim
985 2722 1134 2783 dedissem
1148 2725 1219 2784 titu-
1234 2727 1257 2769 ²⁵

274 2942 413 2998 3dsmon
434 2945 529 3014 pdrb:
558 2945 679 3002 Damion
702 2947 748 3001 Pl.
773 2945 778 3016 Ι
803 2961 930 3000 muscum
947 2949 994 3001 etc.
1013 2946 1067 3018 pdr
1096 2945 1221 3000 mulsum

201 3009 252 3066 Pl.
271 3014 333 3083 (per
351 3030 381 3069 se
395 3017 445 3069 cut
463 3018 495 3070 ut
508 3015 629 3072 Damion
647 3034 682 3072 ex
699 3015 789 3072 mulso
796 3019 814 3086 t)
827 3017 862 3084 cf.
873 3017 964 3072 Hasd.
984 3017 1088 3085 (Marc.
1099 3033 1132 3086 p.
1148 3019 1220 3086 228).

224 3086 256 3162 ,ὅ
279 3086 313 3138 ui
333 3083 391 3139 iam
414 3084 535 3141 diximus
557 3089 609 3156 pb:
636 3103 688 3142 om.
706 3087 732 3144 d.
806 3087 949 3144 densiori
970 3089 1013 3157 qd
1040 3087 1085 3156 (ex
1113 3087 1222 3143 austeri

200 3168 270 3208 omo
288 3156 325 3224 d).
377 3158 453 3211 tet:
471 3155 565 3213 Etiam
583 3159 610 3214 d.
666 3163 698 3212 11
719 3159 861 3231 centaurip
879 3159 956 3228 g(r):
975 3174 1034 3231 -reg
1053 3158 1085 3227 d,
1104 3157 1153 3213 -rii
1172 3159 1220 3213 Pl.

277 3230 311 3279 14
328 3225 378 3282 inf.
397 3228 481 3282 melle
504 3231 534 3283 et
556 3231 635 3285 aceto
653 3227 687 3284 fr.
705 3231 736 3284 et
757 3228 819 3285 oleo
842 3232 866 3286 b.
892 3232 896 3298 Ι
921 3229 1003 3284 etin
1025 3231 1139 3284 acetum
1156 3230 1184 3284 d.

205 3297 238 3348 1⁷
257 3296 335 3350 secta
351 3299 452 3368 pdbr:
471 3301 551 3369 septa
568 3301 612 3356 rb.
688 3305 720 3354 19
737 3300 877 3356 tumorem
894 3299 1026 3370 goffia:
1045 3300 1173 3355 dolorem
1192 3301 1220 3355 d.

206 3364 210 3436 Ι
225 3365 306 3422 fimus
324 3365 424 3424 bubuli
442 3371 461 3425 d
478 3371 609 3438 (bubulus
628 3370 663 3439 b).
718 3377 753 3426 20
771 3370 850 3440 glute
869 3372 930 3442 (sic)
947 3386 973 3440 9.
1029 3376 1062 3426 21
1082 3373 1170 3454 atque
1188 3385 1220 3440 9:

201 3437 234 3518 ae
251 3437 271 3492 d
288 3438 477 3510 (calidumque
491 3442 527 3510 b).
577 3447 611 3496 22
630 3440 823 3496 efficacissime
836 3442 973 3498 iuvatrbz
993 3441 1222 3497 efficacissimum

202 3510 283 3563 arunt
306 3512 355 3579 gd.
428 3513 470 3567 tta
489 3512 533 3566 Ad
551 3511 646 3568 ulcera
664 3514 693 3568 et
711 3513 748 3566 ad
766 3528 865 3567 cancer
887 3513 963 3582 quod
980 3527 1065 3569 noma
1087 3513 1137 3584 (qd
1154 3528 1220 3568 can·

203 3583 346 3637 ceromata
364 3585 443 3652 corr.)
462 3583 578 3638 vocatur
594 3599 625 3652 p,
643 3582 688 3636 Ad
706 3601 734 3637 u.
753 3584 782 3637 et
799 3582 836 3637 ed
854 3600 984 3640 cancrum
1002 3585 1029 3640 d.
