<?xml version="1.0" encoding="UTF-8"?>
<!DOCTYPE html PUBLIC "-//W3C//DTD XHTML 1.0 Transitional//EN"
    "http://www.w3.org/TR/xhtml1/DTD/xhtml1-transitional.dtd">
<html xmlns="http://www.w3.org/1999/xhtml" xml:lang="en" lang="en">
 <head>
  <title>
</title>
<meta http-equiv="Content-Type" content="text/html;charset=utf-8" />
  <meta name='ocr-system' content='tesseract 3.04.00' />
  <meta name='ocr-capabilities' content='ocr_page ocr_carea ocr_par ocr_line ocrx_word'/>
</head>
<body>
  <div class='ocr_page' id='page_1' title='image "./pliniisecundiqu04plingoog_0196.png"; bbox 0 0 2620 4040; ppageno 0'>
   <div class='ocr_carea' id='block_1_1' title="bbox 470 263 712 327">
    <p class='ocr_par' dir='ltr' id='par_1_1' title="bbox 470 263 712 327">
     <span class='ocr_line' id='line_1_1' title="bbox 470 263 712 327; baseline 0.008 -2"><span class='ocrx_word' id='word_1_1' title='bbox 470 263 712 327; x_wconf 75' lang='lat'>-187—</span> 
     </span>
    </p>
   </div>
   <div class='ocr_carea' id='block_1_2' title="bbox 45 421 1114 2012">
    <p class='ocr_par' dir='ltr' id='par_1_2' title="bbox 56 421 1114 1194">
     <span class='ocr_line' id='line_1_2' title="bbox 83 421 994 507; baseline 0.003 -24"><span class='ocrx_word' id='word_1_2' title='bbox 83 421 193 483; x_wconf 89' lang='lat' dir='ltr'>umbra</span> <span class='ocrx_word' id='word_1_3' title='bbox 210 424 306 502; x_wconf 87' lang='lat' dir='ltr'>posita</span> <span class='ocrx_word' id='word_1_4' title='bbox 324 425 442 503; x_wconf 89' lang='lat' dir='ltr'>saepius</span> <span class='ocrx_word' id='word_1_5' title='bbox 457 426 606 486; x_wconf 87' lang='lat' dir='ltr'>transfusa</span> <span class='ocrx_word' id='word_1_6' title='bbox 625 425 748 488; x_wconf 79' lang='lat' dir='ltr'>colatur.</span> <span class='ocrx_word' id='word_1_7' title='bbox 776 433 848 488; x_wconf 91' lang='lat' dir='ltr'>tunc</span> <span class='ocrx_word' id='word_1_8' title='bbox 863 426 994 507; x_wconf 80' lang='lat' dir='ltr'>cydonea</span> 
     </span>
     <span class='ocr_line' id='line_1_3' title="bbox 85 513 993 594; baseline 0.004 -23"><span class='ocrx_word' id='word_1_9' title='bbox 85 513 182 571; x_wconf 91' lang='lat' dir='ltr'>iustae</span> <span class='ocrx_word' id='word_1_10' title='bbox 206 513 384 573; x_wconf 82' lang='lat' dir='ltr'><strong>maturitatis</strong></span> <span class='ocrx_word' id='word_1_11' title='bbox 407 513 571 574; x_wconf 88' lang='lat' dir='ltr'>seminibus</span> <span class='ocrx_word' id='word_1_12' title='bbox 594 521 624 574; x_wconf 88' lang='lat' dir='ltr'>et</span> <span class='ocrx_word' id='word_1_13' title='bbox 646 513 726 593; x_wconf 86' lang='lat' dir='ltr'>ligno</span> <span class='ocrx_word' id='word_1_14' title='bbox 755 515 898 575; x_wconf 90' lang='lat' dir='ltr'>interiore</span> <span class='ocrx_word' id='word_1_15' title='bbox 923 533 993 594; x_wconf 91' lang='lat' dir='ltr'>pur-</span> 
     </span>
     <span class='ocr_line' id='line_1_4' title="bbox 84 601 995 682; baseline 0.005 -22"><span class='ocrx_word' id='word_1_16' title='bbox 84 607 153 679; x_wconf 86' lang='lat' dir='ltr'>gata</span> <span class='ocrx_word' id='word_1_17' title='bbox 176 603 260 660; x_wconf 89' lang='lat' dir='ltr'>etin</span> <span class='ocrx_word' id='word_1_18' title='bbox 283 601 377 661; x_wconf 85' lang='lat' dir='ltr'>frusta</span> <span class='ocrx_word' id='word_1_19' title='bbox 396 605 514 663; x_wconf 89' lang='lat' dir='ltr'>concisa</span> <span class='ocrx_word' id='word_1_20' title='bbox 537 603 747 681; x_wconf 78' lang='lat' dir='ltr'><strong>inmerguntur</strong></span> <span class='ocrx_word' id='word_1_21' title='bbox 765 621 858 682; x_wconf 89' lang='lat' dir='ltr'>aquae</span> <span class='ocrx_word' id='word_1_22' title='bbox 881 612 995 665; x_wconf 89' lang='lat' dir='ltr'>ettam</span> 
     </span>
     <span class='ocr_line' id='line_1_5' title="bbox 86 689 994 772; baseline 0.003 -23"><span class='ocrx_word' id='word_1_23' title='bbox 86 689 139 749; x_wconf 91' lang='lat' dir='ltr'>diu</span> <span class='ocrx_word' id='word_1_24' title='bbox 161 707 231 749; x_wconf 90' lang='lat' dir='ltr'>cum</span> <span class='ocrx_word' id='word_1_25' title='bbox 255 707 288 750; x_wconf 92' lang='lat' dir='ltr'>ea</span> <span class='ocrx_word' id='word_1_26' title='bbox 310 689 535 772; x_wconf 81' lang='lat' dir='ltr'>relinquuntur,</span> <span class='ocrx_word' id='word_1_27' title='bbox 558 689 654 752; x_wconf 88' lang='lat' dir='ltr'>donec</span> <span class='ocrx_word' id='word_1_28' title='bbox 672 693 703 751; x_wconf 94' lang='lat' dir='ltr'>in</span> <span class='ocrx_word' id='word_1_29' title='bbox 722 710 827 753; x_wconf 89' lang='lat' dir='ltr'>sucum</span> <span class='ocrx_word' id='word_1_30' title='bbox 851 694 994 753; x_wconf 77' lang='lat' dir='ltr'>transisse</span> 
     </span>
     <span class='ocr_line' id='line_1_6' title="bbox 56 777 1114 860; baseline 0.004 -22"><span class='ocrx_word' id='word_1_31' title='bbox 56 777 235 839; x_wconf 82' lang='lat' dir='ltr'>⁵malorum</span> <span class='ocrx_word' id='word_1_32' title='bbox 253 780 314 838; x_wconf 88' lang='lat' dir='ltr'>vini</span> <span class='ocrx_word' id='word_1_33' title='bbox 328 777 427 838; x_wconf 86' lang='lat' dir='ltr'>colore</span> <span class='ocrx_word' id='word_1_34' title='bbox 446 779 598 859; x_wconf 88' lang='lat' dir='ltr'>prodatur.</span> <span class='ocrx_word' id='word_1_35' title='bbox 629 779 707 842; x_wconf 89' lang='lat' dir='ltr'>hanc</span> <span class='ocrx_word' id='word_1_36' title='bbox 726 780 884 860; x_wconf 78' lang='lat' dir='ltr'>diligenter</span> <span class='ocrx_word' id='word_1_37' title='bbox 902 780 994 860; x_wconf 87' lang='lat' dir='ltr'>liqua-</span> <span class='ocrx_word' id='word_1_38' title='bbox 1111 821 1114 830; x_wconf 87' lang='lat'><em>·</em></span> 
     </span>
     <span class='ocr_line' id='line_1_7' title="bbox 85 868 995 946; baseline 0.004 -20"><span class='ocrx_word' id='word_1_39' title='bbox 85 874 148 927; x_wconf 87' lang='lat' dir='ltr'>tam</span> <span class='ocrx_word' id='word_1_40' title='bbox 175 875 206 926; x_wconf 91' lang='lat' dir='ltr'>et</span> <span class='ocrx_word' id='word_1_41' title='bbox 232 869 263 927; x_wconf 91' lang='lat' dir='ltr'>in</span> <span class='ocrx_word' id='word_1_42' title='bbox 286 885 354 928; x_wconf 85' lang='lat' dir='ltr'>vasa</span> <span class='ocrx_word' id='word_1_43' title='bbox 376 869 473 946; x_wconf 90' lang='lat' dir='ltr'>picata</span> <span class='ocrx_word' id='word_1_44' title='bbox 501 868 638 930; x_wconf 83' lang='lat' dir='ltr'>diffusam</span> <span class='ocrx_word' id='word_1_45' title='bbox 666 870 812 930; x_wconf 87' lang='lat' dir='ltr'>eiusmodi</span> <span class='ocrx_word' id='word_1_46' title='bbox 839 870 906 930; x_wconf 93' lang='lat' dir='ltr'>loco</span> <span class='ocrx_word' id='word_1_47' title='bbox 933 887 995 930; x_wconf 87' lang='lat' dir='ltr'>scr-</span> 
     </span>
     <span class='ocr_line' id='line_1_8' title="bbox 86 954 997 1036; baseline 0.007 -23"><span class='ocrx_word' id='word_1_48' title='bbox 86 973 156 1015; x_wconf 90' lang='lat' dir='ltr'>vare</span> <span class='ocrx_word' id='word_1_49' title='bbox 180 954 311 1017; x_wconf 85' lang='lat' dir='ltr'>solemne</span> <span class='ocrx_word' id='word_1_50' title='bbox 335 963 380 1017; x_wconf 85' lang='lat' dir='ltr'>est</span> <span class='ocrx_word' id='word_1_51' title='bbox 404 957 440 1017; x_wconf 91' lang='lat' dir='ltr'>ad</span> <span class='ocrx_word' id='word_1_52' title='bbox 463 975 553 1036; x_wconf 84' lang='lat' dir='ltr'>quem</span> <span class='ocrx_word' id='word_1_53' title='bbox 573 960 700 1020; x_wconf 83' lang='lat' dir='ltr'>maxime</span> <span class='ocrx_word' id='word_1_54' title='bbox 724 959 806 1019; x_wconf 89' lang='lat' dir='ltr'>iumo</span> <span class='ocrx_word' id='word_1_55' title='bbox 829 967 860 1019; x_wconf 89' lang='lat' dir='ltr'>et</span> <span class='ocrx_word' id='word_1_56' title='bbox 883 959 908 1019; x_wconf 93' lang='lat' dir='ltr'>si</span> <span class='ocrx_word' id='word_1_57' title='bbox 930 959 997 1019; x_wconf 88' lang='lat' dir='ltr'>lieri</span> 
     </span>
     <span class='ocr_line' id='line_1_9' title="bbox 85 1043 996 1127; baseline 0.003 -23"><span class='ocrx_word' id='word_1_58' title='bbox 85 1046 183 1123; x_wconf 91' lang='lat' dir='ltr'>possit</span> <span class='ocrx_word' id='word_1_59' title='bbox 214 1043 270 1105; x_wconf 91' lang='lat' dir='ltr'>soli</span> <span class='ocrx_word' id='word_1_60' title='bbox 300 1052 428 1124; x_wconf 83' lang='lat' dir='ltr'>negetur</span> <span class='ocrx_word' id='word_1_61' title='bbox 455 1064 602 1108; x_wconf 88' lang='lat' dir='ltr'>accessus.</span> <span class='ocrx_word' id='word_1_62' title='bbox 648 1049 774 1126; x_wconf 90' lang='lat' dir='ltr'>septimo</span> <span class='ocrx_word' id='word_1_63' title='bbox 807 1065 909 1108; x_wconf 90' lang='lat' dir='ltr'>mense</span> <span class='ocrx_word' id='word_1_64' title='bbox 941 1065 996 1127; x_wconf 92' lang='lat' dir='ltr'>pro</span> 
     </span>
     <span class='ocr_line' id='line_1_10' title="bbox 86 1132 355 1194; baseline 0.011 -3"><span class='ocrx_word' id='word_1_65' title='bbox 86 1134 156 1192; x_wconf 82' lang='lat' dir='ltr'>rino</span> <span class='ocrx_word' id='word_1_66' title='bbox 179 1135 224 1194; x_wconf 91' lang='lat' dir='ltr'>uti</span> <span class='ocrx_word' id='word_1_67' title='bbox 247 1132 355 1194; x_wconf 80' lang='lat' dir='ltr'>licebit.</span> 
     </span>
    </p>

    <p class='ocr_par' dir='ltr' id='par_1_3' title="bbox 45 1221 1059 1659">
     <span class='ocr_line' id='line_1_11' title="bbox 45 1221 1059 1304; baseline 0.008 -28"><span class='ocrx_word' id='word_1_68' title='bbox 45 1236 74 1276; x_wconf 79' lang='lat' dir='ltr'>ro</span> <span class='ocrx_word' id='word_1_69' title='bbox 157 1221 284 1292; x_wconf 83' lang='lat' dir='ltr'>Quidam</span> <span class='ocrx_word' id='word_1_70' title='bbox 311 1240 347 1283; x_wconf 84' lang='lat' dir='ltr'>ex</span> <span class='ocrx_word' id='word_1_71' title='bbox 370 1222 417 1283; x_wconf 89' lang='lat' dir='ltr'>his</span> <span class='ocrx_word' id='word_1_72' title='bbox 440 1231 472 1284; x_wconf 92' lang='lat' dir='ltr'>et</span> <span class='ocrx_word' id='word_1_73' title='bbox 492 1223 593 1285; x_wconf 86' lang='lat' dir='ltr'>oleum</span> <span class='ocrx_word' id='word_1_74' title='bbox 621 1224 699 1304; x_wconf 88' lang='lat' dir='ltr'>quod</span> <span class='ocrx_word' id='word_1_75' title='bbox 728 1223 894 1304; x_wconf 89' lang='lat' dir='ltr'>appellatur</span> <span class='ocrx_word' id='word_1_76' title='bbox 915 1223 998 1285; x_wconf 91' lang='lat' dir='ltr'>meli·</span> <span class='ocrx_word' id='word_1_77' title='bbox 1044 1225 1059 1260; x_wconf 85' lang='lat'>*</span> 
     </span>
     <span class='ocr_line' id='line_1_12' title="bbox 89 1311 996 1374; baseline 0.002 -4"><span class='ocrx_word' id='word_1_78' title='bbox 89 1328 164 1371; x_wconf 86' lang='lat' dir='ltr'>num</span> <span class='ocrx_word' id='word_1_79' title='bbox 183 1311 297 1372; x_wconf 88' lang='lat' dir='ltr'>faciunt</span> <span class='ocrx_word' id='word_1_80' title='bbox 319 1311 511 1372; x_wconf 87' lang='lat' dir='ltr'>vehementer</span> <span class='ocrx_word' id='word_1_81' title='bbox 534 1313 790 1374; x_wconf 85' lang='lat' dir='ltr'>adcommodatum</span> <span class='ocrx_word' id='word_1_82' title='bbox 814 1312 851 1372; x_wconf 93' lang='lat' dir='ltr'>ad</span> <span class='ocrx_word' id='word_1_83' title='bbox 874 1331 908 1372; x_wconf 90' lang='lat' dir='ltr'>ea</span> <span class='ocrx_word' id='word_1_84' title='bbox 931 1329 996 1372; x_wconf 88' lang='lat' dir='ltr'>cor-</span> 
     </span>
     <span class='ocr_line' id='line_1_13' title="bbox 88 1400 996 1481; baseline 0.003 -23"><span class='ocrx_word' id='word_1_85' title='bbox 88 1400 171 1478; x_wconf 86' lang='lat' dir='ltr'>poris</span> <span class='ocrx_word' id='word_1_86' title='bbox 184 1401 254 1460; x_wconf 83' lang='lat' dir='ltr'>ritia</span> <span class='ocrx_word' id='word_1_87' title='bbox 269 1419 344 1478; x_wconf 91' lang='lat' dir='ltr'>quae</span> <span class='ocrx_word' id='word_1_88' title='bbox 359 1402 484 1480; x_wconf 78' lang='lat' dir='ltr'>styptica</span> <span class='ocrx_word' id='word_1_89' title='bbox 494 1403 604 1462; x_wconf 87' lang='lat' dir='ltr'>virtute</span> <span class='ocrx_word' id='word_1_90' title='bbox 618 1400 754 1481; x_wconf 85' lang='lat' dir='ltr'>pellenda</span> <span class='ocrx_word' id='word_1_91' title='bbox 768 1409 846 1463; x_wconf 87' lang='lat' dir='ltr'>sunt.</span> <span class='ocrx_word' id='word_1_92' title='bbox 870 1404 996 1462; x_wconf 88' lang='lat' dir='ltr'>maxime</span> 
     </span>
     <span class='ocr_line' id='line_1_14' title="bbox 89 1489 996 1566; baseline 0.004 -19"><span class='ocrx_word' id='word_1_93' title='bbox 89 1495 188 1548; x_wconf 88' lang='lat' dir='ltr'>tamen</span> <span class='ocrx_word' id='word_1_94' title='bbox 211 1506 247 1548; x_wconf 84' lang='lat' dir='ltr'>ex</span> <span class='ocrx_word' id='word_1_95' title='bbox 271 1507 307 1549; x_wconf 91' lang='lat' dir='ltr'>eo</span> <span class='ocrx_word' id='word_1_96' title='bbox 330 1489 455 1550; x_wconf 88' lang='lat' dir='ltr'>sudores</span> <span class='ocrx_word' id='word_1_97' title='bbox 474 1489 592 1551; x_wconf 86' lang='lat' dir='ltr'>molesti</span> <span class='ocrx_word' id='word_1_98' title='bbox 614 1489 742 1551; x_wconf 88' lang='lat' dir='ltr'>detineri</span> <span class='ocrx_word' id='word_1_99' title='bbox 765 1489 863 1550; x_wconf 89' lang='lat' dir='ltr'>solent</span> <span class='ocrx_word' id='word_1_100' title='bbox 885 1498 915 1550; x_wconf 90' lang='lat' dir='ltr'>et</span> <span class='ocrx_word' id='word_1_101' title='bbox 938 1498 996 1566; x_wconf 89' lang='lat' dir='ltr'>sto·</span> 
     </span>
     <span class='ocr_line' id='line_1_15' title="bbox 90 1575 996 1659; baseline 0.002 -23"><span class='ocrx_word' id='word_1_102' title='bbox 90 1575 187 1636; x_wconf 88' lang='lat' dir='ltr'>machi</span> <span class='ocrx_word' id='word_1_103' title='bbox 209 1585 312 1658; x_wconf 88' lang='lat' dir='ltr'>aperta</span> <span class='ocrx_word' id='word_1_104' title='bbox 335 1581 473 1658; x_wconf 87' lang='lat' dir='ltr'>componi</span> <span class='ocrx_word' id='word_1_105' title='bbox 492 1585 522 1639; x_wconf 89' lang='lat' dir='ltr'>et</span> <span class='ocrx_word' id='word_1_106' title='bbox 545 1578 667 1658; x_wconf 81' lang='lat' dir='ltr'>vulnera</span> <span class='ocrx_word' id='word_1_107' title='bbox 691 1581 722 1640; x_wconf 91' lang='lat' dir='ltr'>in</span> <span class='ocrx_word' id='word_1_108' title='bbox 746 1580 842 1659; x_wconf 88' lang='lat' dir='ltr'>capite</span> <span class='ocrx_word' id='word_1_109' title='bbox 865 1587 934 1640; x_wconf 87' lang='lat' dir='ltr'>nata</span> <span class='ocrx_word' id='word_1_110' title='bbox 956 1578 996 1638; x_wconf 93' lang='lat' dir='ltr'>le-</span> 
     </span>
    </p>

    <p class='ocr_par' dir='ltr' id='par_1_4' title="bbox 48 1665 999 2012">
     <span class='ocr_line' id='line_1_16' title="bbox 48 1665 998 1730; baseline 0.007 -11"><span class='ocrx_word' id='word_1_111' title='bbox 48 1680 75 1720; x_wconf 83' lang='lat'>15</span> <span class='ocrx_word' id='word_1_112' title='bbox 89 1667 156 1726; x_wconf 91' lang='lat' dir='ltr'>niri.</span> <span class='ocrx_word' id='word_1_113' title='bbox 193 1665 266 1727; x_wconf 84' lang='lat' dir='ltr'>haec</span> <span class='ocrx_word' id='word_1_114' title='bbox 289 1669 369 1728; x_wconf 90' lang='lat' dir='ltr'>sicco</span> <span class='ocrx_word' id='word_1_115' title='bbox 387 1667 436 1728; x_wconf 88' lang='lat' dir='ltr'>die</span> <span class='ocrx_word' id='word_1_116' title='bbox 454 1675 522 1728; x_wconf 87' lang='lat' dir='ltr'>ante</span> <span class='ocrx_word' id='word_1_117' title='bbox 546 1667 702 1730; x_wconf 88' lang='lat' dir='ltr'>meridiem</span> <span class='ocrx_word' id='word_1_118' title='bbox 724 1668 800 1728; x_wconf 91' lang='lat' dir='ltr'>lecta</span> <span class='ocrx_word' id='word_1_119' title='bbox 823 1675 854 1728; x_wconf 92' lang='lat' dir='ltr'>et</span> <span class='ocrx_word' id='word_1_120' title='bbox 875 1667 998 1728; x_wconf 90' lang='lat' dir='ltr'>linteolo</span> 
     </span>
     <span class='ocr_line' id='line_1_17' title="bbox 89 1754 998 1835; baseline 0.001 -21"><span class='ocrx_word' id='word_1_121' title='bbox 89 1754 246 1816; x_wconf 89' lang='lat' dir='ltr'>mundiore</span> <span class='ocrx_word' id='word_1_122' title='bbox 274 1764 399 1835; x_wconf 80' lang='lat' dir='ltr'>purgata</span> <span class='ocrx_word' id='word_1_123' title='bbox 426 1758 521 1817; x_wconf 82' lang='lat' dir='ltr'>vitreo</span> <span class='ocrx_word' id='word_1_124' title='bbox 549 1774 618 1816; x_wconf 87' lang='lat' dir='ltr'>vaso</span> <span class='ocrx_word' id='word_1_125' title='bbox 648 1759 841 1818; x_wconf 84' lang='lat' dir='ltr'>immittuntur</span> <span class='ocrx_word' id='word_1_126' title='bbox 874 1763 904 1817; x_wconf 92' lang='lat' dir='ltr'>et</span> <span class='ocrx_word' id='word_1_127' title='bbox 933 1756 998 1816; x_wconf 87' lang='lat' dir='ltr'>oleo</span> 
     </span>
     <span class='ocr_line' id='line_1_18' title="bbox 90 1842 999 1924; baseline 0.002 -22"><span class='ocrx_word' id='word_1_128' title='bbox 90 1842 197 1903; x_wconf 90' lang='lat' dir='ltr'>deinde</span> <span class='ocrx_word' id='word_1_129' title='bbox 220 1846 427 1905; x_wconf 80' lang='lat' dir='ltr'>recentissimo</span> <span class='ocrx_word' id='word_1_130' title='bbox 446 1863 497 1906; x_wconf 89' lang='lat' dir='ltr'>vas</span> <span class='ocrx_word' id='word_1_131' title='bbox 515 1845 551 1905; x_wconf 91' lang='lat' dir='ltr'>ad</span> <span class='ocrx_word' id='word_1_132' title='bbox 573 1862 670 1924; x_wconf 86' lang='lat' dir='ltr'>usque</span> <span class='ocrx_word' id='word_1_133' title='bbox 692 1845 794 1906; x_wconf 84' lang='lat' dir='ltr'>fauces</span> <span class='ocrx_word' id='word_1_134' title='bbox 812 1842 946 1923; x_wconf 89' lang='lat' dir='ltr'>repletur</span> <span class='ocrx_word' id='word_1_135' title='bbox 969 1851 999 1904; x_wconf 90' lang='lat' dir='ltr'>et</span> 
     </span>
     <span class='ocr_line' id='line_1_19' title="bbox 88 1930 841 2012; baseline 0.003 -22"><span class='ocrx_word' id='word_1_136' title='bbox 88 1930 166 2010; x_wconf 90' lang='lat' dir='ltr'>pelle</span> <span class='ocrx_word' id='word_1_137' title='bbox 190 1940 365 2012; x_wconf 89' lang='lat' dir='ltr'>coopertum</span> <span class='ocrx_word' id='word_1_138' title='bbox 387 1932 529 1994; x_wconf 88' lang='lat' dir='ltr'>umbroso</span> <span class='ocrx_word' id='word_1_139' title='bbox 552 1935 584 1994; x_wconf 90' lang='lat' dir='ltr'>in</span> <span class='ocrx_word' id='word_1_140' title='bbox 606 1932 672 1993; x_wconf 89' lang='lat' dir='ltr'>loco</span> <span class='ocrx_word' id='word_1_141' title='bbox 697 1940 841 1993; x_wconf 87' lang='lat' dir='ltr'>servatur.</span> 
     </span>
    </p>
   </div>
   <div class='ocr_carea' id='block_1_3' title="bbox 50 2161 1076 2416">
    <p class='ocr_par' dir='ltr' id='par_1_5' title="bbox 50 2161 1076 2416">
     <span class='ocr_line' id='line_1_20' title="bbox 153 2161 1076 2238; baseline 0 -22"><span class='ocrx_word' id='word_1_142' title='bbox 153 2161 270 2235; x_wconf 86' lang='lat' dir='ltr'>Cydonia</span> <span class='ocrx_word' id='word_1_143' title='bbox 286 2162 395 2236; x_wconf 87' lang='lat' dir='ltr'>plurimi</span> <span class='ocrx_word' id='word_1_144' title='bbox 410 2164 584 2221; x_wconf 87' lang='lat' dir='ltr'>eustomacha</span> <span class='ocrx_word' id='word_1_145' title='bbox 595 2171 770 2221; x_wconf 84' lang='lat' dir='ltr'>rocaverunt.</span> <span class='ocrx_word' id='word_1_146' title='bbox 802 2162 919 2238; x_wconf 85' lang='lat' dir='ltr'>styptica</span> <span class='ocrx_word' id='word_1_147' title='bbox 936 2177 1000 2219; x_wconf 92' lang='lat' dir='ltr'>con·</span> <span class='ocrx_word' id='word_1_148' title='bbox 1018 2161 1076 2232; x_wconf 81' lang='grc'>(68)</span> 
     </span>
     <span class='ocr_line' id='line_1_21' title="bbox 50 2246 1064 2334; baseline 0.007 -38"><span class='ocrx_word' id='word_1_149' title='bbox 50 2247 211 2320; x_wconf 77' lang='lat' dir='ltr'>reprimunt</span> <span class='ocrx_word' id='word_1_150' title='bbox 234 2248 338 2304; x_wconf 87' lang='lat' dir='ltr'>urinam</span> <span class='ocrx_word' id='word_1_151' title='bbox 352 2256 467 2323; x_wconf 89' lang='lat' dir='ltr'>propter</span> <span class='ocrx_word' id='word_1_152' title='bbox 487 2249 673 2306; x_wconf 83' lang='lat' dir='ltr'>austeritatem</span> <span class='ocrx_word' id='word_1_153' title='bbox 688 2265 776 2305; x_wconf 86' lang='lat' dir='ltr'>suam.</span> <span class='ocrx_word' id='word_1_154' title='bbox 814 2246 897 2306; x_wconf 90' lang='lat' dir='ltr'>cruda</span> <span class='ocrx_word' id='word_1_155' title='bbox 912 2254 1003 2303; x_wconf 86' lang='lat' dir='ltr'>auste·</span> <span class='ocrx_word' id='word_1_156' title='bbox 1060 2329 1064 2334; x_wconf 18' lang='grc' dir='ltr'><strong>Δ</strong></span> 
     </span>
     <span class='ocr_line' id='line_1_22' title="bbox 91 2331 1003 2416; baseline 0.003 -31"><span class='ocrx_word' id='word_1_157' title='bbox 91 2331 164 2386; x_wconf 88' lang='lat' dir='ltr'>riora</span> <span class='ocrx_word' id='word_1_158' title='bbox 189 2339 216 2386; x_wconf 85' lang='lat' dir='ltr'>et</span> <span class='ocrx_word' id='word_1_159' title='bbox 231 2331 447 2416; x_wconf 85' lang='lat' dir='ltr'>vehementiora,</span> <span class='ocrx_word' id='word_1_160' title='bbox 470 2341 547 2392; x_wconf 91' lang='lat' dir='ltr'>cocta</span> <span class='ocrx_word' id='word_1_161' title='bbox 569 2341 647 2407; x_wconf 78' lang='lat' dir='ltr'>grata</span> <span class='ocrx_word' id='word_1_162' title='bbox 669 2341 697 2390; x_wconf 90' lang='lat' dir='ltr'>et</span> <span class='ocrx_word' id='word_1_163' title='bbox 720 2332 833 2391; x_wconf 84' lang='lat' dir='ltr'>leviora.</span> <span class='ocrx_word' id='word_1_164' title='bbox 871 2331 953 2388; x_wconf 88' lang='lat' dir='ltr'>cruda</span> <span class='ocrx_word' id='word_1_165' title='bbox 975 2340 1003 2388; x_wconf 85' lang='lat' dir='ltr'>et</span> 
     </span>
    </p>
   </div>
   <div class='ocr_carea' id='block_1_4' title="bbox 87 2548 1153 3689">
    <p class='ocr_par' dir='ltr' id='par_1_6' title="bbox 87 2548 1153 3689">
     <span class='ocr_line' id='line_1_23' title="bbox 89 2548 1111 2692; baseline -0.006 -14"><span class='ocrx_word' id='word_1_166' title='bbox 89 2551 455 2679; x_wconf 49' lang='lat' dir='ltr'>eadempluiilidltl</span> <span class='ocrx_word' id='word_1_167' title='bbox 473 2553 601 2680; x_wconf 67' lang='lat' dir='ltr'>titt</span> <span class='ocrx_word' id='word_1_168' title='bbox 621 2569 673 2678; x_wconf 67' lang='lat' dir='ltr'>ii*</span> <span class='ocrx_word' id='word_1_169' title='bbox 690 2548 1111 2692; x_wconf 63' lang='lat' dir='ltr'>rittttlattmtnti</span> 
     </span>
     <span class='ocr_line' id='line_1_24' title="bbox 89 2640 1109 2765; baseline -0.003 -18"><span class='ocrx_word' id='word_1_170' title='bbox 89 2694 136 2749; x_wconf 83' lang='lat' dir='ltr'>rb.</span> <span class='ocrx_word' id='word_1_171' title='bbox 181 2693 356 2750; x_wconf 69' lang='lat' dir='ltr'>emansisse:</span> <span class='ocrx_word' id='word_1_172' title='bbox 374 2695 415 2750; x_wconf 75' lang='lat' dir='ltr'>ric</span> <span class='ocrx_word' id='word_1_173' title='bbox 428 2640 559 2765; x_wconf 60' lang='lat' dir='ltr'>oeldo).</span> <span class='ocrx_word' id='word_1_174' title='bbox 605 2699 621 2750; x_wconf 74' lang='lat' dir='ltr'>d</span> <span class='ocrx_word' id='word_1_175' title='bbox 636 2691 772 2764; x_wconf 68' lang='lat' dir='ltr'>protatur</span> <span class='ocrx_word' id='word_1_176' title='bbox 784 2693 900 2762; x_wconf 66' lang='lat' dir='ltr'>potor:</span> <span class='ocrx_word' id='word_1_177' title='bbox 915 2691 1051 2761; x_wconf 77' lang='lat' dir='ltr'>probatur</span> <span class='ocrx_word' id='word_1_178' title='bbox 1063 2690 1109 2744; x_wconf 80' lang='lat' dir='ltr'>rb.</span> 
     </span>
     <span class='ocr_line' id='line_1_25' title="bbox 93 2763 1112 2836; baseline -0.003 -18"><span class='ocrx_word' id='word_1_179' title='bbox 93 2765 194 2836; x_wconf 71' lang='lat' dir='ltr'>yHanc</span> <span class='ocrx_word' id='word_1_180' title='bbox 211 2767 278 2836; x_wconf 69' lang='lat' dir='ltr'>pol:</span> <span class='ocrx_word' id='word_1_181' title='bbox 298 2782 383 2835; x_wconf 72' lang='lat' dir='ltr'>quam</span> <span class='ocrx_word' id='word_1_182' title='bbox 400 2767 445 2822; x_wconf 81' lang='lat' dir='ltr'>rb.</span> <span class='ocrx_word' id='word_1_183' title='bbox 462 2768 467 2834; x_wconf 87' lang='grc' dir='ltr'>Ι</span> <span class='ocrx_word' id='word_1_184' title='bbox 482 2765 623 2835; x_wconf 74' lang='lat' dir='ltr'>liquatum</span> <span class='ocrx_word' id='word_1_185' title='bbox 640 2765 754 2835; x_wconf 66' lang='lat' dir='ltr'>poton:</span> <span class='ocrx_word' id='word_1_186' title='bbox 774 2763 897 2819; x_wconf 78' lang='lat' dir='ltr'>celatam</span> <span class='ocrx_word' id='word_1_187' title='bbox 914 2763 959 2818; x_wconf 81' lang='lat' dir='ltr'>rb.</span> <span class='ocrx_word' id='word_1_188' title='bbox 1007 2768 1023 2816; x_wconf 89' lang='lat' dir='ltr'>e</span> <span class='ocrx_word' id='word_1_189' title='bbox 1042 2777 1112 2817; x_wconf 79' lang='lat' dir='ltr'>vasa</span> 
     </span>
     <span class='ocr_line' id='line_1_26' title="bbox 89 2831 1112 2916; baseline -0.004 -26"><span class='ocrx_word' id='word_1_190' title='bbox 89 2835 187 2906; x_wconf 73' lang='lat' dir='ltr'>picata</span> <span class='ocrx_word' id='word_1_191' title='bbox 203 2837 304 2907; x_wconf 80' lang='lat' dir='ltr'>o(rb),</span> <span class='ocrx_word' id='word_1_192' title='bbox 323 2853 392 2892; x_wconf 79' lang='lat' dir='ltr'>vasa</span> <span class='ocrx_word' id='word_1_193' title='bbox 409 2836 497 2909; x_wconf 80' lang='lat' dir='ltr'>pinita</span> <span class='ocrx_word' id='word_1_194' title='bbox 515 2837 575 2905; x_wconf 76' lang='lat' dir='ltr'>(sic)</span> <span class='ocrx_word' id='word_1_195' title='bbox 592 2853 623 2905; x_wconf 79' lang='lat' dir='ltr'>p:</span> <span class='ocrx_word' id='word_1_196' title='bbox 646 2851 713 2891; x_wconf 80' lang='lat' dir='ltr'>vare</span> <span class='ocrx_word' id='word_1_197' title='bbox 731 2835 828 2907; x_wconf 85' lang='lat' dir='ltr'>picato</span> <span class='ocrx_word' id='word_1_198' title='bbox 846 2836 864 2890; x_wconf 82' lang='lat' dir='ltr'>l.</span> <span class='ocrx_word' id='word_1_199' title='bbox 886 2837 891 2905; x_wconf 88' lang='grc' dir='ltr'>Ι</span> <span class='ocrx_word' id='word_1_200' title='bbox 910 2833 973 2890; x_wconf 83' lang='lat' dir='ltr'>loeo</span> <span class='ocrx_word' id='word_1_201' title='bbox 991 2833 1059 2916; x_wconf 70' lang='lat' dir='ltr'>pot:</span> <span class='ocrx_word' id='word_1_202' title='bbox 1081 2831 1112 2886; x_wconf 90' lang='lat' dir='ltr'>in</span> 
     </span>
     <span class='ocr_line' id='line_1_27' title="bbox 90 2906 1153 2983; baseline -0.003 -23"><span class='ocrx_word' id='word_1_203' title='bbox 90 2907 155 2963; x_wconf 88' lang='lat' dir='ltr'>loco</span> <span class='ocrx_word' id='word_1_204' title='bbox 173 2907 218 2964; x_wconf 84' lang='lat' dir='ltr'>rb.</span> <span class='ocrx_word' id='word_1_205' title='bbox 281 2914 297 2963; x_wconf 78' lang='lat'>&#39;1</span> <span class='ocrx_word' id='word_1_206' title='bbox 321 2908 443 2964; x_wconf 79' lang='lat' dir='ltr'>solemne</span> <span class='ocrx_word' id='word_1_207' title='bbox 460 2923 491 2978; x_wconf 74' lang='lat' dir='ltr'>y,</span> <span class='ocrx_word' id='word_1_208' title='bbox 519 2907 691 2976; x_wconf 69' lang='lat' dir='ltr'>tollense!</span> <span class='ocrx_word' id='word_1_209' title='bbox 710 2906 833 2962; x_wconf 82' lang='lat' dir='ltr'>maximo</span> <span class='ocrx_word' id='word_1_210' title='bbox 852 2906 869 2961; x_wconf 85' lang='lat'>1.</span> <span class='ocrx_word' id='word_1_211' title='bbox 934 2910 951 2960; x_wconf 90' lang='lat'><strong>8</strong></span> <span class='ocrx_word' id='word_1_212' title='bbox 975 2906 1065 2974; x_wconf 82' lang='lat' dir='ltr'>possrt</span> <span class='ocrx_word' id='word_1_213' title='bbox 1081 2919 1112 2973; x_wconf 77' lang='lat' dir='ltr'>p:</span> <span class='ocrx_word' id='word_1_214' title='bbox 1150 2978 1153 2983; x_wconf 12' lang='grc' dir='ltr'>ἱ</span> 
     </span>
     <span class='ocr_line' id='line_1_28' title="bbox 87 2976 1115 3062; baseline -0.005 -29"><span class='ocrx_word' id='word_1_215' title='bbox 87 2980 187 3048; x_wconf 81' lang='lat' dir='ltr'>posset</span> <span class='ocrx_word' id='word_1_216' title='bbox 204 2980 250 3045; x_wconf 83' lang='lat' dir='ltr'>cl,</span> <span class='ocrx_word' id='word_1_217' title='bbox 272 2981 366 3062; x_wconf 79' lang='lat' dir='ltr'>potest</span> <span class='ocrx_word' id='word_1_218' title='bbox 382 2979 427 3034; x_wconf 78' lang='lat' dir='ltr'>rb.</span> <span class='ocrx_word' id='word_1_219' title='bbox 449 2982 453 3046; x_wconf 87' lang='grc' dir='ltr'>Ι</span> <span class='ocrx_word' id='word_1_220' title='bbox 475 2995 504 3034; x_wconf 80' lang='lat' dir='ltr'>ee</span> <span class='ocrx_word' id='word_1_221' title='bbox 524 2979 595 3034; x_wconf 82' lang='lat' dir='ltr'>timo</span> <span class='ocrx_word' id='word_1_222' title='bbox 612 2978 680 3049; x_wconf 80' lang='lat' dir='ltr'>pol:</span> <span class='ocrx_word' id='word_1_223' title='bbox 709 2995 765 3048; x_wconf 86' lang='lat' dir='ltr'>quo</span> <span class='ocrx_word' id='word_1_224' title='bbox 785 2976 906 3048; x_wconf 81' lang='lat' dir='ltr'>septimo</span> <span class='ocrx_word' id='word_1_225' title='bbox 924 2976 970 3031; x_wconf 82' lang='lat' dir='ltr'>rb.</span> <span class='ocrx_word' id='word_1_226' title='bbox 1032 2981 1066 3030; x_wconf 90' lang='lat'>10</span> <span class='ocrx_word' id='word_1_227' title='bbox 1084 2976 1115 3028; x_wconf 82' lang='lat' dir='ltr'>et</span> 
     </span>
     <span class='ocr_line' id='line_1_29' title="bbox 92 2995 1113 3132; baseline -0.005 -27"><span class='ocrx_word' id='word_1_228' title='bbox 92 3048 186 3105; x_wconf 87' lang='lat' dir='ltr'>oleum</span> <span class='ocrx_word' id='word_1_229' title='bbox 205 3051 255 3107; x_wconf 78' lang='lat' dir='ltr'>rb:</span> <span class='ocrx_word' id='word_1_230' title='bbox 274 3068 305 3104; x_wconf 92' lang='grc' dir='ltr'>ιιι</span> <span class='ocrx_word' id='word_1_231' title='bbox 323 3049 386 3106; x_wconf 87' lang='lat' dir='ltr'>oleo</span> <span class='ocrx_word' id='word_1_232' title='bbox 403 3049 465 3132; x_wconf 67' lang='lat' dir='ltr'>ool.</span> <span class='ocrx_word' id='word_1_233' title='bbox 477 3051 487 3130; x_wconf 69' lang='lat' dir='ltr'>J</span> <span class='ocrx_word' id='word_1_234' title='bbox 504 2995 600 3106; x_wconf 73' lang='lat' dir='ltr'>lemno</span> <span class='ocrx_word' id='word_1_235' title='bbox 618 3044 737 3120; x_wconf 70' lang='grc' dir='ltr'>μήλινον</span> <span class='ocrx_word' id='word_1_236' title='bbox 755 3049 793 3104; x_wconf 92' lang='lat' dir='ltr'>D.</span> <span class='ocrx_word' id='word_1_237' title='bbox 812 3052 883 3118; x_wconf 59' lang='lat'>255.</span> <span class='ocrx_word' id='word_1_238' title='bbox 948 3052 979 3101; x_wconf 92' lang='lat'>11</span> <span class='ocrx_word' id='word_1_239' title='bbox 1000 3044 1113 3102; x_wconf 79' lang='lat' dir='ltr'>adcom-</span> 
     </span>
     <span class='ocr_line' id='line_1_30' title="bbox 90 3117 1112 3194; baseline -0.003 -20"><span class='ocrx_word' id='word_1_240' title='bbox 90 3119 238 3194; x_wconf 73' lang='lat' dir='ltr'>modatum</span> <span class='ocrx_word' id='word_1_241' title='bbox 255 3137 305 3191; x_wconf 72' lang='lat' dir='ltr'>qo.</span> <span class='ocrx_word' id='word_1_242' title='bbox 370 3127 404 3175; x_wconf 78' lang='lat'>12</span> <span class='ocrx_word' id='word_1_243' title='bbox 423 3123 529 3176; x_wconf 74' lang='lat' dir='ltr'>oneum</span> <span class='ocrx_word' id='word_1_244' title='bbox 550 3122 616 3190; x_wconf 79' lang='lat' dir='ltr'>pol:</span> <span class='ocrx_word' id='word_1_245' title='bbox 644 3135 695 3175; x_wconf 85' lang='lat' dir='ltr'>om.</span> <span class='ocrx_word' id='word_1_246' title='bbox 713 3120 760 3178; x_wconf 82' lang='lat' dir='ltr'>rb.</span> <span class='ocrx_word' id='word_1_247' title='bbox 821 3125 855 3175; x_wconf 76' lang='lat'>14</span> <span class='ocrx_word' id='word_1_248' title='bbox 874 3119 984 3189; x_wconf 73' lang='lat' dir='ltr'>apertu:</span> <span class='ocrx_word' id='word_1_249' title='bbox 1013 3117 1112 3187; x_wconf 80' lang='lat' dir='ltr'>operte</span> 
     </span>
     <span class='ocr_line' id='line_1_31' title="bbox 90 3189 1112 3270; baseline -0.005 -24"><span class='ocrx_word' id='word_1_250' title='bbox 90 3192 222 3262; x_wconf 78' lang='lat' dir='ltr'>pvl(rb).</span> <span class='ocrx_word' id='word_1_251' title='bbox 238 3191 243 3262; x_wconf 83' lang='grc' dir='ltr'>Ι</span> <span class='ocrx_word' id='word_1_252' title='bbox 258 3191 342 3246; x_wconf 88' lang='lat' dir='ltr'>leniri</span> <span class='ocrx_word' id='word_1_253' title='bbox 360 3193 453 3262; x_wconf 58' lang='grc' dir='ltr'>τῦφε</span> <span class='ocrx_word' id='word_1_254' title='bbox 472 3191 550 3246; x_wconf 84' lang='lat' dir='ltr'>liniri</span> <span class='ocrx_word' id='word_1_255' title='bbox 567 3208 614 3262; x_wconf 78' lang='lat' dir='ltr'>pc.</span> <span class='ocrx_word' id='word_1_256' title='bbox 665 3195 699 3246; x_wconf 78' lang='lat'>15</span> <span class='ocrx_word' id='word_1_257' title='bbox 719 3189 794 3246; x_wconf 86' lang='lat' dir='ltr'>sicco</span> <span class='ocrx_word' id='word_1_258' title='bbox 812 3189 857 3246; x_wconf 86' lang='lat' dir='ltr'>die</span> <span class='ocrx_word' id='word_1_259' title='bbox 882 3190 929 3260; x_wconf 86' lang='lat' dir='ltr'>(cf.</span> <span class='ocrx_word' id='word_1_260' title='bbox 949 3189 1001 3270; x_wconf 68' lang='lat' dir='ltr'>Pt</span> <span class='ocrx_word' id='word_1_261' title='bbox 1015 3193 1112 3257; x_wconf 64' lang='lat' dir='ltr'>aulos</span> 
     </span>
     <span class='ocr_line' id='line_1_32' title="bbox 89 3257 1112 3333; baseline -0.003 -17"><span class='ocrx_word' id='word_1_262' title='bbox 89 3277 148 3318; x_wconf 89' lang='lat' dir='ltr'>non</span> <span class='ocrx_word' id='word_1_263' title='bbox 166 3303 173 3317; x_wconf 89' lang='lat'><strong>.</strong></span> <span class='ocrx_word' id='word_1_264' title='bbox 189 3304 195 3318; x_wconf 93' lang='lat'><strong>.</strong></span> <span class='ocrx_word' id='word_1_265' title='bbox 212 3305 218 3319; x_wconf 89' lang='lat'><em>.</em></span> <span class='ocrx_word' id='word_1_266' title='bbox 237 3263 268 3317; x_wconf 91' lang='lat' dir='ltr'>in</span> <span class='ocrx_word' id='word_1_267' title='bbox 285 3261 389 3318; x_wconf 82' lang='lat' dir='ltr'>umidis</span> <span class='ocrx_word' id='word_1_268' title='bbox 407 3265 484 3328; x_wconf 81' lang='lat' dir='ltr'>nate)</span> <span class='ocrx_word' id='word_1_269' title='bbox 507 3262 604 3333; x_wconf 78' lang='lat' dir='ltr'>p(rb):</span> <span class='ocrx_word' id='word_1_270' title='bbox 633 3259 762 3318; x_wconf 82' lang='lat' dir='ltr'>sicotidie</span> <span class='ocrx_word' id='word_1_271' title='bbox 785 3262 829 3330; x_wconf 82' lang='lat' dir='ltr'>ol,</span> <span class='ocrx_word' id='word_1_272' title='bbox 852 3261 892 3316; x_wconf 84' lang='lat' dir='ltr'>sie</span> <span class='ocrx_word' id='word_1_273' title='bbox 916 3259 1020 3315; x_wconf 69' lang='lat' dir='ltr'>cotidie</span> <span class='ocrx_word' id='word_1_274' title='bbox 1038 3257 1112 3327; x_wconf 57' lang='lat' dir='ltr'>orni</span> 
     </span>
     <span class='ocr_line' id='line_1_33' title="bbox 89 3328 1115 3413; baseline -0.006 -25"><span class='ocrx_word' id='word_1_275' title='bbox 89 3334 157 3388; x_wconf 79' lang='lat' dir='ltr'>ante</span> <span class='ocrx_word' id='word_1_276' title='bbox 175 3334 220 3403; x_wconf 79' lang='lat' dir='ltr'>pl:</span> <span class='ocrx_word' id='word_1_277' title='bbox 240 3333 277 3388; x_wconf 80' lang='lat' dir='ltr'>ed</span> <span class='ocrx_word' id='word_1_278' title='bbox 290 3335 335 3390; x_wconf 85' lang='lat' dir='ltr'>rb.</span> <span class='ocrx_word' id='word_1_279' title='bbox 351 3335 356 3402; x_wconf 95' lang='grc' dir='ltr'>Ι</span> <span class='ocrx_word' id='word_1_280' title='bbox 372 3335 403 3389; x_wconf 78' lang='lat' dir='ltr'>et</span> <span class='ocrx_word' id='word_1_281' title='bbox 421 3333 451 3388; x_wconf 89' lang='lat' dir='ltr'>in</span> <span class='ocrx_word' id='word_1_282' title='bbox 468 3332 586 3390; x_wconf 83' lang='lat' dir='ltr'>linteolo</span> <span class='ocrx_word' id='word_1_283' title='bbox 606 3331 723 3402; x_wconf 88' lang='lat' dir='ltr'>(lineolo</span> <span class='ocrx_word' id='word_1_284' title='bbox 735 3334 784 3402; x_wconf 72' lang='lat' dir='ltr'>po)</span> <span class='ocrx_word' id='word_1_285' title='bbox 798 3350 836 3387; x_wconf 91' lang='lat' dir='ltr'>m.</span> <span class='ocrx_word' id='word_1_286' title='bbox 850 3350 877 3402; x_wconf 88' lang='lat' dir='ltr'>p.</span> <span class='ocrx_word' id='word_1_287' title='bbox 891 3331 958 3413; x_wconf 69' lang='lat' dir='ltr'>ool,</span> <span class='ocrx_word' id='word_1_288' title='bbox 978 3330 1008 3412; x_wconf 66' lang='lat' dir='ltr'>et</span> <span class='ocrx_word' id='word_1_289' title='bbox 1024 3328 1115 3384; x_wconf 84' lang='lat' dir='ltr'>linteo</span> 
     </span>
     <span class='ocr_line' id='line_1_34' title="bbox 89 3400 1141 3482; baseline -0.005 -24"><span class='ocrx_word' id='word_1_290' title='bbox 89 3407 212 3474; x_wconf 74' lang='lat' dir='ltr'>purgato</span> <span class='ocrx_word' id='word_1_291' title='bbox 230 3405 378 3460; x_wconf 86' lang='lat' dir='ltr'>mundiore</span> <span class='ocrx_word' id='word_1_292' title='bbox 395 3406 433 3462; x_wconf 81' lang='lat' dir='ltr'>rb</span> <span class='ocrx_word' id='word_1_293' title='bbox 458 3404 549 3473; x_wconf 75' lang='lat' dir='ltr'>(omisi</span> <span class='ocrx_word' id='word_1_294' title='bbox 565 3403 615 3472; x_wconf 87' lang='lat' dir='ltr'>in).</span> <span class='ocrx_word' id='word_1_295' title='bbox 669 3409 714 3459; x_wconf 58' lang='lat'>«16</span> <span class='ocrx_word' id='word_1_296' title='bbox 733 3402 824 3458; x_wconf 78' lang='lat' dir='ltr'>vitreo</span> <span class='ocrx_word' id='word_1_297' title='bbox 842 3417 910 3458; x_wconf 84' lang='lat' dir='ltr'>varo</span> <span class='ocrx_word' id='word_1_298' title='bbox 933 3400 1117 3482; x_wconf 56' lang='lat' dir='ltr'>imittuntur</span> <span class='ocrx_word' id='word_1_299' title='bbox 1139 3464 1141 3468; x_wconf 23' lang='grc' dir='ltr'>Ι</span> 
     </span>
     <span class='ocr_line' id='line_1_35' title="bbox 88 3472 1117 3546; baseline -0.007 -16"><span class='ocrx_word' id='word_1_300' title='bbox 88 3491 151 3544; x_wconf 72' lang='lat' dir='ltr'>epo:</span> <span class='ocrx_word' id='word_1_301' title='bbox 179 3475 211 3532; x_wconf 90' lang='lat' dir='ltr'>in</span> <span class='ocrx_word' id='word_1_302' title='bbox 233 3475 324 3532; x_wconf 82' lang='lat' dir='ltr'>vitreo</span> <span class='ocrx_word' id='word_1_303' title='bbox 348 3492 416 3532; x_wconf 81' lang='lat' dir='ltr'>raso</span> <span class='ocrx_word' id='word_1_304' title='bbox 443 3477 521 3546; x_wconf 78' lang='lat' dir='ltr'>(vere</span> <span class='ocrx_word' id='word_1_305' title='bbox 546 3476 567 3544; x_wconf 81' lang='lat' dir='ltr'>l)</span> <span class='ocrx_word' id='word_1_306' title='bbox 594 3473 749 3529; x_wconf 82' lang='lat' dir='ltr'>mittuntur</span> <span class='ocrx_word' id='word_1_307' title='bbox 772 3475 839 3544; x_wconf 76' lang='lat' dir='ltr'>pol,</span> <span class='ocrx_word' id='word_1_308' title='bbox 866 3473 897 3526; x_wconf 91' lang='lat' dir='ltr'>in</span> <span class='ocrx_word' id='word_1_309' title='bbox 919 3472 1044 3526; x_wconf 73' lang='lat' dir='ltr'>vitreum</span> <span class='ocrx_word' id='word_1_310' title='bbox 1067 3485 1117 3524; x_wconf 81' lang='lat' dir='ltr'>vas</span> 
     </span>
     <span class='ocr_line' id='line_1_36' title="bbox 89 3539 1114 3614; baseline -0.003 -14"><span class='ocrx_word' id='word_1_311' title='bbox 89 3546 244 3601; x_wconf 81' lang='lat' dir='ltr'>mittuntur</span> <span class='ocrx_word' id='word_1_312' title='bbox 261 3548 305 3603; x_wconf 85' lang='lat' dir='ltr'>rb.</span> <span class='ocrx_word' id='word_1_313' title='bbox 362 3553 395 3602; x_wconf 81' lang='grc'>17</span> <span class='ocrx_word' id='word_1_314' title='bbox 415 3550 444 3603; x_wconf 84' lang='lat' dir='ltr'>et</span> <span class='ocrx_word' id='word_1_315' title='bbox 462 3545 654 3602; x_wconf 84' lang='lat' dir='ltr'>recentissimo</span> <span class='ocrx_word' id='word_1_316' title='bbox 674 3545 737 3601; x_wconf 88' lang='lat' dir='ltr'>oleo</span> <span class='ocrx_word' id='word_1_317' title='bbox 755 3561 805 3601; x_wconf 77' lang='lat' dir='ltr'>ves</span> <span class='ocrx_word' id='word_1_318' title='bbox 824 3557 913 3614; x_wconf 82' lang='lat' dir='ltr'>usque</span> <span class='ocrx_word' id='word_1_319' title='bbox 931 3542 968 3596; x_wconf 80' lang='lat' dir='ltr'>ed</span> <span class='ocrx_word' id='word_1_320' title='bbox 985 3540 1005 3596; x_wconf 82' lang='lat' dir='ltr'>l.</span> <span class='ocrx_word' id='word_1_321' title='bbox 1024 3559 1049 3595; x_wconf 90' lang='lat' dir='ltr'>r.</span> <span class='ocrx_word' id='word_1_322' title='bbox 1067 3539 1114 3597; x_wconf 83' lang='lat' dir='ltr'>rb.</span> 
     </span>
     <span class='ocr_line' id='line_1_37' title="bbox 90 3617 592 3689; baseline 0 -18"><span class='ocrx_word' id='word_1_323' title='bbox 90 3618 94 3689; x_wconf 75' lang='lat' dir='ltr'>y</span> <span class='ocrx_word' id='word_1_324' title='bbox 114 3617 256 3688; x_wconf 81' lang='lat' dir='ltr'>adusque</span> <span class='ocrx_word' id='word_1_325' title='bbox 273 3635 303 3687; x_wconf 78' lang='lat'>9:</span> <span class='ocrx_word' id='word_1_326' title='bbox 322 3635 411 3688; x_wconf 78' lang='lat' dir='ltr'>usque</span> <span class='ocrx_word' id='word_1_327' title='bbox 430 3617 466 3673; x_wconf 84' lang='lat' dir='ltr'>ad</span> <span class='ocrx_word' id='word_1_328' title='bbox 484 3618 592 3688; x_wconf 62' lang='lat' dir='ltr'>cido).</span> 
     </span>
    </p>
   </div>
   <div class='ocr_carea' id='block_1_5' title="bbox 0 0 1319 4040">
    <p class='ocr_par' dir='ltr' id='par_1_7' title="bbox 0 0 1319 4040">
     <span class='ocr_line' id='line_1_38' title="bbox 0 0 1319 4040; baseline 0 0"><span class='ocrx_word' id='word_1_329' title='bbox 0 0 1319 4040; x_wconf 95' lang='lat' dir='ltr'> </span> 
     </span>
    </p>
   </div>
  </div>
 </body>
</html>
