2620 4030
575 216 818 280 ..115-

311 371 332 424 L
361 371 407 425 Ad
425 375 564 427 tumorem
581 372 686 442 pedum

297 442 334 496 LI
361 442 407 496 Ad
425 459 572 512 permoneo

287 512 338 568 LII
365 514 410 567 Ad
428 513 605 584 intordigitia

272 585 336 639 LIII
362 585 408 639 Ad
425 585 559 654 parouitii
577 586 702 641 dolorem

257 655 334 710 LIHI
362 656 407 710 Ad
424 656 593 726 ungularum
611 656 737 713 dolorem

285 726 336 780 LV
364 726 408 780 Ad
427 727 551 796 corporis
569 727 762 783 salubritatem

270 796 334 852 LVI
361 797 407 851 Ad
424 797 555 868 lytheuas

258 867 335 922 LVII
362 869 407 923 Ad
426 868 632 938 elephantiasin

246 939 338 994 LVIII
364 939 409 993 Ad
426 939 556 994 morbum
574 940 748 996 comicialem

274 1009 337 1066 LIX
365 1010 410 1064 Ad
428 1010 557 1065 morbum
574 1010 683 1082 regium

286 1080 336 1134 LX
364 1081 408 1135 Ad
426 1081 563 1151 yotericos

529 1255 647 1325 capite
668 1254 753 1310 libri
771 1255 876 1312 tertii.

325 1368 337 1420 Ι
364 1366 410 1420 Ad
427 1365 519 1422 febres
538 1366 643 1421 calidas
660 1365 869 1423 intercidendae

309 1437 336 1490 Π
362 1435 407 1489 Ad
425 1435 605 1506 emytritoum

296 1507 335 1560 III
364 1506 408 1560 Ad
426 1506 519 1561 febres
538 1507 694 1576 periodicas

281 1577 336 1632 IIII
363 1577 409 1631 Ad
427 1575 605 1647 quotidianas

308 1647 335 1702 V
362 1647 408 1701 Ad
426 1647 562 1704 tertianas

180 1723 182 1728 “
296 1718 336 1773 VI
363 1717 408 1772 Ad
427 1722 577 1789 quartanas

284 1790 338 1844 VH
365 1789 410 1843 Ad
427 1789 593 1861 lithargicos

253 1860 335 1916 ·VIII
362 1860 408 1915 Ad
427 1877 554 1917 somnum
572 1863 781 1932 provocandum

295 1932 334 1986 IX
361 1932 407 1986 Ad
424 1933 572 1990 freneticos

308 2004 335 2058 X
361 2004 407 2058 Ad
425 2003 598 2073 epylenIIcos

296 2074 336 2127 XI
363 2073 408 2127 Ad
427 2074 569 2131 cardiaces

285 2143 337 2196 XII
364 2143 409 2197 Ad
427 2144 562 2215 hydropis
580 2146 693 2201 initium

269 2213 335 2268 XIII
362 2213 408 2268 Ad
427 2215 598 2284 paralyticos

256 2284 335 2338 XIIII
361 2285 408 2339 Ad
425 2285 581 2356 podagram

283 2354 336 2410 XV
363 2355 409 2410 Ad
426 2372 526 2411 nervos
544 2360 574 2413 et
591 2358 724 2415 articulos
743 2363 773 2416 et
790 2361 936 2417 artidrioos

269 2426 336 2482 XVI
363 2425 409 2481 Ad
427 2426 572 2496 syderatoe

254 2496 333 2552 XVII
360 2498 406 2552 hd
424 2498 542 2554 vulnera

242 2567 335 2624 XVIII
363 2568 393 2624 Si
411 2569 474 2640 quis
491 2570 551 2626 ictu
569 2589 696 2643 pugnum
715 2574 761 2628 vel
780 2591 894 2630 manum
912 2577 1026 2632 laeserit

270 2640 336 2694 XIX
363 2641 408 2696 Ad
426 2640 579 2698 fracturam
597 2658 646 2698 sou
662 2645 810 2714 rupturam
828 2646 910 2716 pellis

281 2711 334 2765 XX
361 2711 407 2766 Ad
425 2713 543 2769 vulnera

270 2781 336 2835 XXI
362 2782 408 2837 Ad
426 2784 590 2855 sanguinem
608 2801 643 2840 ex
661 2785 821 2842 vulneribus
840 2787 996 2844 sistendum

255 2851 335 2905 XXII
362 2853 407 2907 Ad
424 2853 519 2909 ulcera
541 2857 571 2910 et
587 2873 696 2912 vermes
718 2856 830 2913 innatos
848 2858 895 2914 rel
917 2860 954 2914 ad
978 2877 1075 2916 nomas
1094 2860 1158 2918 sive
1177 2866 1217 2919 ad

361 2923 471 2978 fistulas
489 2924 614 2981 ulcerum
1063 2929 1066 2936 ’

245 2991 337 3046 XXIH
364 2993 410 3047 Ad
428 2997 604 3063 apostemata
619 2998 756 3055 interiora

230 3062 335 3117 XXIIII
361 3063 407 3118 Ad
426 3065 520 3121 omnia
538 3069 676 3124 exteriora
693 3073 870 3140 apostemata
887 3073 934 3128 rel
949 3075 1075 3129 tumores

257 3131 336 3186 XXV
363 3134 408 3189 hd
427 3136 606 3194 collectiones
625 3140 671 3195 vel
688 3143 812 3198 tumores

246 3202 337 3258 XXVI
365 3205 409 3260 Ad
427 3208 558 3276 styrosIm
576 3210 682 3266 ventris
700 3212 746 3266 vel
765 3215 903 3270 stomachi

228 3273 333 3329 XXVII
361 3276 406 3330 Ad
423 3278 569 3346 periculos
794 3335 798 3342 ,

215 3345 333 3401 XXVIII
360 3347 406 3401 Ad
424 3351 535 3418 cyrstas
553 3352 628 3421 quod
648 3355 713 3406 sunt
731 3353 891 3423 glandIolae

241 3416 334 3471 XXIX
361 3417 406 3472 Ad
424 3421 544 3476 strumas

255 3487 334 3542 XXX
362 3488 407 3543 Ad
426 3490 626 3546 carbunculum
719 3543 722 3548 .

247 3556 337 3611 XXXI
363 3558 409 3613 Ad
427 3560 562 3630 papulam
579 3563 692 3617 noxiam
