2610 4040
591 182 809 246 ...72-

340 352 396 406 o'br
460 345 526 406 dem
546 347 752 425 perunguitur.
789 346 873 404 iecur
892 343 1028 404 eiusdem
1045 346 1210 406 arefactum

359 440 395 495 sb.
460 436 612 496 attritum
632 452 700 494 cum
719 435 845 512 axungia
863 433 1035 510 imponitur.
1068 443 1210 495 senectus

460 524 643 603 serpentium
667 523 698 582 in
722 523 803 582 corio
826 521 945 582 taurino
968 519 1114 600 alligatur.

372 666 387 699 *
525 654 596 715 beta
625 672 661 715 ex
684 654 770 715 melle
794 662 825 714 et
852 655 908 715 lico
935 655 1073 734 imposita
1096 653 1209 715 morbis

363 761 432 823 asp.
459 742 667 804 articularibus
691 743 835 804 medetur.
872 742 941 802 folia
963 745 1067 804 vitium
1090 744 1163 803 trita
1180 749 1232 802 eta

459 833 587 893 admixta
609 831 715 892 hordei
738 832 848 892 iariuae
867 829 1076 892 articularibus
1096 830 1208 891 morbis

328 937 431 1002 24,11c.
459 923 662 1000 imponuntur.
699 920 865 980 acrifolium
892 923 997 981 tritum
1025 918 1124 979 addito
1149 919 1208 979 sale

344 1026 431 1088 aona.
460 1017 491 1070 et
517 1009 582 1069 oleo
611 1008 706 1069 eidem
734 1011 778 1069 rei
805 1009 937 1088 prodest.
973 1010 1110 1068 incussos
1139 1010 1207 1067 arti-

344 1115 431 1179 3039.
460 1097 543 1159 culos
562 1100 662 1159 aranei
679 1097 737 1158 tela
756 1098 992 1158 commodissime
1012 1104 1106 1158 curat.
1139 1098 1207 1156 arti-

461 1187 535 1249 culis
558 1189 671 1249 vexatis
697 1193 944 1265 praesentaneum
968 1185 1134 1246 remedium
1162 1192 1207 1244 est
1220 1204 1243 1243 ro

460 1295 563 1338 sevum
585 1276 708 1355 pecudis
737 1292 805 1335 cum
833 1277 933 1335 cinere
956 1273 1091 1334 mulieris
1119 1273 1206 1352 capil-

462 1365 567 1425 lorum.

326 1512 432 1574 auno.
525 1494 690 1556 Nervorum
719 1497 804 1564 nodis
837 1498 942 1576 capitis
973 1497 1100 1576 viperini
1133 1497 1208 1555 ciuis

359 1591 396 1644 io.
460 1601 528 1643 oum
556 1583 620 1644 oleo
645 1587 766 1664 cyprino
793 1586 964 1664 imponitur.
1002 1584 1038 1644 ad
1064 1583 1144 1644 idem
1166 1583 1206 1642 la·

345 1687 431 1750 1431.
461 1673 543 1733 ciunt
566 1675 679 1733 terreni
697 1691 814 1734 vermes
837 1675 988 1734 triticum
1011 1672 1112 1753 melle,
1135 1674 1207 1733 item
1220 1691 1243 1731 15

345 1776 431 1846 24‚24.
459 1759 617 1838 galbanum
639 1780 694 1841 per
718 1780 758 1834 se.
795 1769 896 1822 storax
917 1761 1062 1822 inlinitur.
1104 1761 1207 1821 timum

327 1864 431 1928 rapat.
460 1851 614 1930 caprinum
632 1850 788 1911 decoctum
808 1853 839 1910 in
853 1858 937 1911 aceto
957 1851 1119 1911 contritum
1139 1867 1206 1910 cum

327 1953 431 2016 capae.
459 1938 554 1999 melle.
591 1939 727 2000 tremulis
745 1938 817 1999 utile
839 1946 885 2002 est
903 1957 969 1999 esse
983 1937 1085 1998 holera
1104 1946 1135 1998 et
1156 1955 1205 2017 pa·

326 2041 431 2104 anano.
460 2045 528 2087 nem
548 2045 584 2086 ex
599 2046 673 2105 aqua
688 2045 703 2086 a
722 2026 841 2106 balneo,
859 2029 1007 2106 perungui
1021 2025 1086 2086 oleo
1100 2028 1133 2086 in
1147 2043 1205 2104 quo

326 2129 430 2192 30‚119.
460 2123 627 2175 castoreum
659 2124 705 2176 est
737 2115 877 2176 additum.
923 2115 1116 2176 articulorum
1148 2114 1205 2173 lra·
1219 2132 1243 2173 oo

460 2205 553 2263 cturis
568 2205 642 2263 cinis
657 2221 693 2263 ex
708 2203 870 2264 semoribus
879 2204 1029 2283 pecudum
1038 2220 1106 2264 cera
1115 2203 1206 2264 mixta

458 2290 602 2352 medetur.

263 2684 278 2731 1
302 2676 321 2731 f.
340 2676 506 2746 perungitur
530 2675 655 2731 eiusdem
678 2675 703 2730 d.
731 2677 735 2743 Ι
764 2674 888 2732 eiusdem
911 2676 953 2746 pal
966 2677 1036 2745 (rb):
1064 2675 1100 2742 of.
1123 2675 1205 2730 milvi

193 2749 238 2800 Pl.
258 2752 363 2815 ao‚110.
423 2746 580 2817 taxungia
598 2746 657 2801 eius
675 2747 724 2815 pol.
783 2753 841 2804 3o.
861 2747 994 2817 alligatur
1011 2745 1124 2802 taurino
1141 2747 1169 2800 d.

191 2823 209 2871 4
227 2816 298 2871 Bata
320 2819 349 2871 et
365 2817 433 2871 ficus
451 2817 514 2886 pori
532 2832 661 2870 mensura
682 2816 746 2871 triti
762 2818 806 2872 rb.
840 2823 885 2874 oet.
912 2819 946 2884 cf.
968 2819 1059 2872 Maro.
1074 2834 1106 2886 p.
1125 2816 1209 2888 mi

191 2887 244 2940 fico
262 2902 293 2954 9:
320 2886 375 2940 ficu
393 2887 420 2941 ri.
493 2885 660 2941 initiorum
684 2888 710 2944 cl.
784 2895 799 2942 6
823 2888 949 2943 admixta
972 2890 1000 2957 b,
1029 2887 1165 2942 ammixta
1186 2903 1205 2956 p

191 2957 281 3012 mixta
303 2957 331 3012 d.
419 2963 433 3012 l
457 2956 601 3026 inponitur
623 2959 650 3012 d.
676 2960 679 3026 1
707 2957 865 3014 acrifolium
887 2960 941 3029 qd:
970 2959 1131 3029 agrifolium
1157 2959 1205 3024 rb,

84 3071 85 3076 1
193 3024 370 3096 (aquifolium
390 3028 446 3097 M).
506 3027 663 3083 8incussos
683 3029 728 3084 Pl.
749 3030 853 3097 (More.
869 3049 899 3100 p.
918 3033 993 3101 234):
1012 3029 1115 3084 incisos
1133 3030 1205 3097 pdb.

1162 3126 1182 3155 ΠΙ

227 3165 242 3212 9
271 3169 372 3213 aranee
399 3158 426 3214 d.
500 3165 532 3213 11
561 3159 728 3229 capillorum
754 3160 880 3217 mulieris
907 3161 927 3214 a
939 3161 1004 3228 (rb).
1084 3166 1116 3214 13
1135 3176 1204 3228 uum

192 3229 222 3299 (i.
230 3227 377 3298 oiuniperi
387 3245 441 3298 pro
450 3229 580 3300 viperini)
594 3231 620 3284 d.
660 3236 692 3285 15
707 3231 907 3286 Ibem-malle
921 3248 951 3302 p:
966 3247 1015 3286 om.
1031 3231 1057 3286 d.
1097 3237 1130 3286 16
1144 3230 1203 3300 gal·

190 3302 263 3356 bono
281 3316 300 3370 q
318 3302 378 3370 (om.
398 3301 453 3371 rb).
523 3305 555 3354 11
575 3318 638 3356 oum
655 3302 739 3356 melle
758 3301 908 3372 apponitur
925 3304 950 3358 b.
1019 3307 1053 3356 18
1072 3317 1132 3356 esse
1150 3302 1204 3370 pal:

189 3372 359 3427 manducare
376 3372 469 3441 ΝΜ).
492 3375 497 3441 l
525 3371 622 3427 holera
640 3388 690 3429 om.
712 3373 756 3427 Pl.
782 3382 786 3441 l
815 3373 912 3428 holera
931 3375 961 3427 et
982 3389 1085 3443 panem
1107 3373 1145 3427 rb
1167 3371 1203 3440 es.

192 3443 415 3584 {melpsa-ii:
434 3442 555 3497 olearem
574 3459 675 3511 panem
693 3445 741 3511 pal.
794 3449 828 3498 19
847 3444 965 3513 perungi
977 3444 1026 3513 μά.
1077 3449 1110 3497 21
1126 3443 1203 3497 limo·

191 3529 390 3584 nmmo
