2610 4040
502 301 542 309 -
590 264 721 329 25*-

108 435 174 486 ante
203 444 323 487 somnos
351 425 480 486 colluere
508 444 560 486 ora
591 435 714 505 propter
746 427 853 488 halitus

107 514 212 592 frigida
235 514 307 575 utile
331 514 411 575 dicit.
448 515 517 575 lolia
544 516 641 594 fagina
664 516 852 576 commando·
882 526 972 587 1414.

108 611 212 663 cantur
248 602 390 664 adversus
426 605 611 682 gingivarum
643 612 674 664 et
708 602 854 666 labiorum

107 693 184 752 vitia.
221 709 314 770 aeque
333 691 402 752 lolia
420 690 489 751 rubi
506 694 537 752 in
557 710 615 770 quo
630 709 712 752 mora
727 711 852 753 nascun·
881 701 985 764 11111.

79 787 165 840 ⁵tur.
202 780 336 841 eiusdem
363 783 482 859 generis
505 779 571 841 rubi
602 783 699 841 teneri
721 783 852 860 pampini
880 781 1071 853 24,120(118.)

107 867 316 947 decoquuntur
330 887 366 928 ex
384 870 453 928 vino
467 869 503 928 ad
522 871 627 929 tertias
647 869 737 948 idque
752 872 853 930 unum

106 959 208 1017 inore
228 960 405 1018 continetur.
443 957 544 1018 ulcera
566 957 744 1037 plantaginis
763 977 853 1020 sucus
881 965 985 1030 2⁶,1tt

53 1107 57 1116 ,
107 1045 256 1127 emendat,
289 1055 320 1107 et
351 1045 420 1106 folia
449 1049 514 1106 eius
547 1053 644 1126 cocta,
677 1047 851 1125 radicesque

106 1136 171 1194 eius
204 1134 470 1195 commanducatae.
519 1133 689 1195 membrana
725 1154 761 1195 ex
798 1153 852 1196 ovo
881 1143 967 1206 29‚46.

65 1236 93 1274 10
107 1231 192 1283 cocto
220 1223 265 1283 vel
293 1223 386 1284 crudo
413 1223 545 1284 detracta
568 1222 714 1282 labiorum
738 1224 852 1283 fissuris

106 1311 251 1372 medetur.
302 1314 363 1372 oris
394 1311 517 1373 halitum
549 1311 686 1372 emendat
717 1313 854 1372 murinus
881 1319 971 1381 3037,

106 1401 182 1459 cinis
196 1418 264 1460 cum
283 1399 368 1460 melle
384 1399 522 1461 dentibus
539 1400 703 1461 infricatus.
736 1400 852 1478 linguae
881 1475 885 1477 ,
915 1399 952 1453 ib·

106 1486 208 1548 ulcera
240 1495 270 1548 et
301 1487 447 1551 labiorum
483 1488 659 1550 hirundines
689 1508 723 1550 ex
757 1488 853 1549 mulso

107 1584 207 1637 coctae
227 1585 339 1638 sanant.
377 1578 467 1657 adeps
487 1579 642 1638 anserinus
661 1586 712 1638 aut
729 1577 853 1657 gallinae
916 1576 953 1630 d>-

65 1675 92 1716 1⁵
106 1667 197 1726 rimas
225 1665 370 1727 emendat.
412 1669 436 1726 si
464 1668 607 1728 ferventia
635 1686 668 1728 os
696 1670 776 1729 intus
805 1685 853 1725 ex·
916 1665 952 1720 ib.

106 1756 253 1836 usserint,
288 1757 430 1817 continuo
467 1764 587 1817 sanatur
623 1757 853 1836 gargarizatione

105 1842 192 1904 lactis
215 1845 320 1904 canini.
356 1845 498 1906 adversus
526 1846 670 1906 faetorem
697 1847 758 1905 oris
785 1843 855 1903 lolia
882 1849 990 1912 25115.

106 1935 197 2012 myrti
229 1941 259 1993 et
290 1933 407 1995 lentisci
439 1937 503 2015 pari
535 1934 666 2014 pondere
700 1941 730 2014 et
757 1932 853 2018 'gallae

106 2024 237 2101 syriacae
261 2023 415 2084 dimidium
434 2024 550 2104 pondus
573 2041 633 2083 una
655 2025 713 2082 teri
736 2027 855 2100 oportet

65 2123 92 2163 20
107 2118 139 2172 et
162 2129 282 2190 aspersa
304 2114 372 2173 vino
395 2121 513 2173 vetusto
536 2113 681 2172 matutino
704 2111 853 2172 mandere.

106 2198 154 2259 vel
186 2199 313 2261 hederae
345 2199 434 2261 bacae
467 2219 536 2261 cum
569 2202 662 2260 cassia
694 2209 725 2260 et
756 2219 855 2279 myrra
917 2198 953 2252 d>-

6 2295 8 2302 ’
106 2289 173 2367 pari
195 2288 327 2366 pondere
358 2308 478 2368 aspersa
500 2291 577 2349 vino.
615 2288 717 2349 eadem
740 2291 854 2350 ratione

106 2375 210 2436 ulcera
243 2379 303 2436 oris
332 2378 536 2439 emendantur.
582 2377 638 2437 hoc
671 2385 701 2438 et
733 2378 768 2438 ad
797 2386 855 2437 sto·

106 2463 247 2524 maehum
261 2467 384 2546 optime,
400 2466 451 2526 sed
466 2466 571 2526 melius
589 2483 742 2526 mororum
757 2466 854 2526 dome·
883 2474 988 2536 tutae.

65 2563 91 2603 2⁵
106 2554 253 2614 eticorum
268 2556 388 2615 sextarii
402 2562 464 2614 tres
482 2554 541 2616 leni
560 2572 667 2633 vapore
686 2555 855 2633 decoquun-

180 2763 196 2811 2
211 2757 281 2812 dicit
294 2759 366 2829 qrb:
381 2758 453 2814 dixit
466 2761 493 2815 d.
510 2760 514 2831 Ι
531 2761 789 2816 conmunducantur
804 2760 863 2828 (sic)
877 2777 902 2829 9.
954 2757 1086 2814 tritium
1097 2758 1123 2813 d.

142 2834 159 2883 8
180 2830 262 2882 cocta
279 2844 329 2885 om.
351 2830 397 2886 Pl.
423 2831 427 2898 1
453 2831 512 2885 eius
535 2846 586 2885 om.
609 2833 636 2886 d.
691 2837 706 2885 9
732 2830 980 2886 commanducatae
1002 2829 1123 2898 qdrtm:

105 2898 337 2956 commasticatae
357 2901 381 2954 b.
456 2908 487 2956 11
513 2901 633 2957 halitum
655 2903 709 2971 qb:
737 2901 842 2956 vicium
865 2903 891 2956 d.
913 2903 919 2970 l
948 2899 1076 2955 murinus
1089 2929 1124 2939 -

105 2968 254 3024 infricatus
276 2972 315 3039 qb
340 2971 385 3039 (cf.
409 2972 480 3025 idem
507 2988 540 3026 ec
566 2972 610 3028 Pl.
634 2974 744 3042 suarm:
772 2989 822 3028 om.
846 2973 865 3027 d
893 2975 974 3042 (certo
1002 2969 1124 3036 canutio,

104 3046 137 3094 ut
155 3040 278 3108 videtur,
297 3057 350 3109 quo
369 3041 424 3096 oris
438 3041 542 3097 vicium
562 3043 693 3098 emendat
706 3045 744 3098 ad
760 3045 858 3112 priora
875 3043 1012 3111 ferretur).
1038 3045 1124 3096 totum

103 3112 255 3165 menbrum
274 3126 324 3165 om.
343 3129 366 3166 r.
441 3118 473 3168 16
493 3115 607 3168 sanatur
628 3131 677 3184 qr:
706 3115 839 3198 sanantur
861 3115 909 3169 dt.
983 3118 1016 3166 11
1034 3112 1123 3167 foeto-

103 3181 377 3335 auutttt.
428 3183 924 3326 eluatrestitutit
942 3256 968 3310 a.
993 3189 1124 3309 trau

104 3323 191 3391 (sid)
214 3322 315 3378 melius
335 3341 371 3378 m.
391 3323 615 3383 domesticorum.
653 3326 702 3381 sed
727 3328 767 3394 (et
789 3327 816 3394 d)
836 3325 936 3381 melius
955 3341 1051 3381 eorum
1070 3339 1124 3392 que

104 3391 136 3446 in
159 3392 238 3447 rubis
262 3396 417 3448 nascuntur
438 3398 480 3465 qd
502 3397 586 3465 (unde
609 3397 658 3452 sed
681 3396 781 3452 melius
800 3396 824 3451 si
846 3414 910 3468 cum
928 3415 965 3453 m.
984 3396 1057 3452 dom.
1077 3393 1124 3447 vel

104 3465 183 3518 certe
216 3479 312 3518 eorum
334 3470 380 3520 etc.
405 3467 461 3534 rb).
498 3483 568 3536 quae
600 3468 711 3522 librarii
738 3468 881 3522 octoadem
908 3467 1006 3523 addito
1037 3463 1123 3532 expli·

103 3535 215 3588 catione
231 3535 306 3601 falsu
324 3536 491 3605 interpolato
508 3542 575 3592 aunt
606 3537 651 3606 (cf.
673 3539 759 3608 Ptin,
784 3537 880 3593 Fraus
902 3537 1019 3608 Synops.
1043 3535 1070 3603 fl.
1091 3533 1123 3587 ct.

97 3622 132 3674 1).
154 3607 292 3675 atoma).
365 3612 400 3661 25
419 3607 530 3662 sestarii
546 3625 572 3677 9.
743 3635 750 3646 ·
