2620 4030
473 227 715 292 -159-

156 429 261 486 XXV.
283 431 333 487 De
356 429 517 489 feniculo.
1007 421 1095 559 235.

156 546 285 611 Calidam
308 551 367 610 vim
389 549 519 612 seniculo
542 551 662 612 insitam
680 568 740 612 non
764 557 863 612 tamen
886 549 996 630 simpli-
1029 569 1071 618 co.

88 654 155 698 cem
178 637 231 698 sed
249 639 299 698 cui
317 639 407 700 etiam
425 640 584 702 austeritas
602 641 693 700 mixta
712 639 752 700 sit
773 646 879 720 gustus
898 648 996 702 osten·
1016 651 1089 719 (dat.

88 726 146 806 dit,
173 733 204 788 et
232 724 324 789 multa
350 734 507 806 praeterea
532 746 588 808 per
615 746 690 808 quae
718 725 765 788 vel
791 725 925 789 solvendi
950 725 997 788 vel
1028 733 1073 781 ΙΙ»

87 814 269 876 extenuandi
295 813 342 876 vel
368 817 458 879 etiam
485 817 615 880 siccandi
643 817 782 897 exprimit
809 823 996 898 potestatem.
1016 795 1087 862 883)-

57 902 231 964 errantum
253 905 285 964 iu
311 903 396 966 libris
419 911 450 966 et
477 912 633 985 serpentes
659 923 790 967 annuam
812 912 998 968 senectutem

89 991 212 1053 feniculi
239 994 407 1071 gustatione
431 992 581 1072 deponere
604 1000 635 1054 et
661 993 818 1056 oculorum
841 993 997 1072 caliginem

88 1098 161 1142 suco
185 1082 251 1142 eius
273 1080 447 1144 excludere:
476 1082 555 1144 unde
582 1082 714 1162 intellegi
741 1081 842 1143 datum
865 1089 912 1144 est
934 1100 996 1143 eas-

88 1169 156 1230 dem
179 1171 307 1231 virtutes
329 1176 360 1231 et
378 1170 558 1250 corporibus
574 1170 712 1231 humanis
730 1171 820 1232 utiles
838 1189 918 1252 esse,
941 1172 996 1231 sic·

87 1259 135 1319 uti
155 1263 262 1338 postea
285 1261 487 1339 experimenta
510 1259 687 1321 docuerunt.
721 1277 812 1322 sucus
835 1277 907 1339 ergo
927 1276 996 1320 cum

47 1359 75 1400 ιο
89 1345 178 1408 mello
210 1349 301 1409 altico
332 1350 442 1411 mixtus
480 1350 711 1410 vetustissimam
741 1347 812 1412 licet
840 1347 996 1427 caliginem

90 1435 222 1498 discutit
258 1435 381 1500 auribus
408 1435 578 1517 purulentis
600 1437 680 1498 idem
703 1451 795 1498 sucus
818 1435 996 1500 infunditur.

88 1523 268 1586 vermiculos
290 1527 380 1587 etiam
402 1527 455 1604 qui
481 1527 512 1586 in
540 1526 636 1588 isdem
657 1534 823 1588 nascuntur
846 1525 996 1588 interficit.

88 1612 173 1674 radix
191 1613 223 1674 in
241 1615 356 1693 ptisana
370 1613 438 1678 data
455 1615 532 1676 laxat
545 1631 653 1678 renum
671 1614 856 1677 densitatem.
888 1614 995 1694 hydro·

88 1704 164 1781 picis
192 1720 228 1763 cx
256 1704 326 1766 vino
352 1703 418 1764 data
446 1706 605 1766 succurrit.
648 1712 766 1765 veretro
794 1702 996 1765 laborantibus

49 1803 75 1844 1⁵
89 1809 126 1852 ex
144 1792 214 1852 vino
232 1798 317 1852 cocta
340 1792 505 1854 lomentum
526 1809 672 1872 perquam
690 1791 762 1853 utile
780 1791 996 1853 subministrat

88 1881 153 1960 Ipsa
176 1897 245 1942 cum
267 1879 333 1941 oleo
356 1882 428 1942 trita
445 1880 542 1942 eidem
560 1898 667 1942 causae
686 1880 831 1942 medetur.
863 1887 996 1940 tumores

89 1975 120 2029 et
134 1985 209 2048 quae
228 1970 289 2030 ictu
304 1969 349 2031 vel
370 1971 526 2050 repentina
539 1969 741 2050 indignatione
761 1974 908 2030 commota
925 1974 997 2028 sunt

89 2055 159 2118 lolia
181 2074 218 2118 ex
240 2064 323 2120 aceto
343 2059 412 2120 trita
435 2056 609 2120 dissolvunt
643 2056 800 2118 adversum
818 2059 897 2118 ictus
915 2073 995 2117 scor·

153 2269 309 2327 Feniculum
335 2269 447 2328 calidam
470 2271 597 2328 virtutem
625 2269 706 2328 habet
727 2271 851 2343 insitam,
877 2285 932 2326 non
957 2278 994 2325 ta-
1015 2272 1070 2342 (41)

49 2371 76 2412 eo
89 2371 151 2412 meo
177 2355 326 2430 simplicem
352 2355 400 2412 sed
426 2356 470 2412 cui
496 2356 577 2412 etiam
604 2356 749 2414 austeritas
777 2356 859 2411 mixta
885 2355 937 2427 sit,
967 2359 997 2409 ut

89 2447 188 2515 gustus
211 2439 330 2497 ostendii
352 2449 381 2496 et
402 2438 487 2497 multa
513 2448 653 2514 praeterea
674 2456 725 2515 per
746 2455 816 2514 quae
838 2437 947 2496 eluendi
968 2444 997 2494 et

88 2523 254 2582 extenuandi
272 2525 315 2582 vel
337 2525 418 2582 eiiam
438 2523 591 2581 desiccandi
613 2523 693 2582 habet
715 2531 889 2600 potestatem.
931 2537 996 2578 ocu·

87 2607 178 2666 lorum
204 2607 315 2666 vulnera
342 2617 370 2666 et
396 2607 535 2666 cicatrices
564 2618 650 2666 curat.
693 2609 752 2666 suci
780 2607 907 2665 loliorum
935 2606 995 2662 eius

88 2701 181 2768 paries
202 2690 270 2750 duas
292 2692 379 2751 mellis
401 2693 620 2770 scepei-partem
637 2709 716 2750 unam
731 2691 811 2750 dmul
833 2691 946 2748 nanceio
968 2698 997 2746 el

50 2789 76 2828 2⁵
90 2776 212 2852 tepidum
234 2776 319 2836 oculis
340 2777 488 2836 inluudiio.
523 2776 613 2836 radice
636 2779 694 2836 eius
715 2779 745 2836 in
766 2793 834 2852 aqua
856 2784 934 2834 cocta
954 2772 997 2832 lo·

88 2871 151 2920 veto
172 2861 348 2937 caliginantcs
371 2861 474 2920 oculos.
511 2879 605 2921 sucum
628 2863 687 2920 eius
709 2860 821 2920 totusue
843 2859 996 2916 inaurium

160 3083 202 3138 tit.
220 3102 302 3137 xxms
314 3097 332 3152 p
351 3085 387 3151 (et
404 3083 444 3137 sic
460 3085 542 3138 etiam
559 3085 596 3153 e).
641 3082 760 3138 aetiam
778 3081 852 3150 (etl)
871 3078 1020 3136 austeritas
1037 3079 1103 3149 pol:

87 3153 238 3209 austeritas
256 3152 342 3209 eiiam
359 3154 544 3222 adimimus
561 3154 627 3224 pol:
655 3153 848 3208 admisisse
918 3148 1104 3206 ddeimm

86 3224 153 3293 pol:
176 3223 368 3295 andiumque
386 3225 431 3282 sd.
451 3225 456 3292 1
480 3224 608 3282 inlibris
626 3226 673 3293 (sc
693 3224 787 3280 Plisss's'
803 3223 964 3294 ididam.
1020 3225 1035 3276 'l
1055 3219 1103 3274 da·

86 3293 278 3352 lancelini
297 3295 315 3349 l.
369 3295 534 3352 Shumanis
550 3291 1067 3366 aolsom.sb.luiileyo.lsiouil.

87 3373 103 3422 9
122 3365 280 3423 docueruut
296 3367 362 3436 (ei)
378 3382 431 3435 ps:
449 3367 568 3424 docuere
585 3367 671 3438 ried).
693 3370 697 3436 Ι
718 3383 786 3437 ergo
803 3367 869 3437 pol:
893 3380 961 3435 ergo
978 3361 1040 3418 eius
1057 3360 1102 3415 sd.

123 3443 158 3494 12
181 3436 285 3494 isderm
312 3437 422 3494 hisdem
444 3439 573 3509 paldo).
644 3445 678 3493 13
700 3437 795 3494 timna
815 3453 854 3508 oo
881 3434 1048 3506 (tysanae).

87 3514 123 3564 14
140 3508 210 3564 dam
226 3525 257 3578 p:
281 3510 352 3579 poia
368 3509 638 3578 cliro).iVeret1-o
655 3511 721 3580 pole
744 3508 866 3565 Vaterno
883 3508 956 3567 rb..
993 3509 1027 3560 16
1045 3517 1103 3556 me-

85 3580 190 3636 densos
207 3595 233 3649 9.
288 3585 323 3634 18
341 3580 480 3636 Adversus
498 3582 516 3635 t.
