2620 4030
592 198 835 266 -142-

210 359 263 500 201?
256 361 299 486 8³¹3·
317 395 320 404 ’
376 383 452 461 VH.
483 404 533 460 Do
556 402 720 473 atriplice.

228 537 291 592 Gal.
379 524 510 604 Atriplex
528 523 645 586 umidae
670 530 757 602 atque
778 523 902 602 frigidae
926 521 1109 586 substantiae
1134 521 1223 582 holus

201 613 308 669 ¹d843·
320 621 379 695 est,
408 613 534 694 amplius
562 621 661 676 tamen
685 630 721 674 ex
745 612 845 674 umido
873 611 1014 692 possidet.
1056 617 1086 674 et
1110 618 1157 672 est
1180 609 1223 670 illi

310 705 387 764 sicut
411 702 521 764 malvae
550 701 644 762 facilis
667 720 758 763 surous
781 701 817 764 ad
845 700 969 782 lapsum.
1005 699 1075 762 inde
1098 701 1130 759 in
1153 698 1223 762 cibo

311 800 448 871 sumptus
475 790 641 853 indubitate
674 799 810 854 ventrem
840 790 970 852 resolvit.
1016 788 1129 866 ¹crudus
1159 791 1222 852 sire

311 889 414 942 coctus
437 882 585 960 inpositus
604 880 728 945 duritias
752 898 855 942 omnes
875 897 909 940 ac
932 877 1109 945 furunculos
1128 886 1247 940 sanata

309 967 504 1049 pernionibus
519 971 570 1048 qui
591 969 687 1032 adhuc
701 977 851 1050 aestuant,
874 976 1034 1048 antequam
1056 967 1223 1030 inviduus

310 1065 468 1138 erumpant
491 1058 605 1120 utiliter
624 1061 786 1137 inponitur.
815 1057 936 1120 scabros
955 1075 1073 1137 ungues
1091 1060 1158 1119 sine
1178 1059 1223 1117 in·

309 1149 386 1210 iuria
408 1147 519 1208 ulceris
542 1146 680 1211 detrahit.
717 1149 802 1227 ignes
821 1166 922 1210 sacros
947 1147 1043 1228 sedat,
1070 1145 1222 1226 podagrae

310 1236 458 1299 fervorem
481 1255 549 1298 crim
573 1239 652 1298 nitro
677 1245 707 1298 et
730 1243 814 1298 aceto
843 1255 912 1302 eum
938 1235 1026 1299 mede
1050 1237 1222 1314 restinguit

310 1324 438 1388 Galenus
461 1325 497 1386 ad
522 1329 682 1406 aerugines
703 1325 892 1406 expellendas
915 1327 983 1388 vino
1007 1326 1112 1386 tritum
1135 1332 1168 1386 et
1190 1325 1222 1386 in
1235 1341 1259 1381 ao

309 1416 430 1493 potione
458 1414 638 1493 perductum
661 1415 811 1476 efficacius
833 1422 919 1496 putat
942 1432 1044 1477 semen
1066 1416 1142 1484 eins.

158 1671 165 1683 ,
204 1604 308 1732 Ιέἓὲἓ,
346 1659 349 1667 i
377 1615 471 1672 v111.
503 1616 553 1672 De
574 1615 724 1684 lapatho.

377 1731 526 1812 Lapathus
546 1733 655 1795 calidae
676 1743 705 1796 et
728 1727 865 1797 austerae
883 1733 1003 1796 virtutis
1022 1742 1080 1816 est,
1104 1741 1134 1794 et
1152 1733 1222 1795 ideo

309 1824 341 1882 in
370 1821 437 1883 cibo
468 1831 586 1903 sumpta
608 1833 743 1885 ventrem
767 1826 916 1906 reprimit,
940 1823 1125 1885 stomachum
1150 1841 1220 1883 con-

309 1912 421 1993 firmat,
443 1920 548 1973 ructus
572 1916 692 1994 excitat,
717 1913 872 1975 confundit
894 1915 1019 1974 urinam.
1057 1929 1126 1973 cum
1150 1911 1219 1972 limo

310 2000 474 2083 gallinaceo·
498 2009 585 2063 tunsa
612 2002 765 2082 paniculas
793 2004 913 2088 rumpit.
955 2020 1057 2064 semen
1084 2015 1259 2080 exequere

288 2088 356 2150 'vel
384 2092 452 2151 vino
480 2098 583 2169 potum
616 2089 811 2171 dysentericis
840 2090 985 2154 subvenit.
1027 2091 1222 2169 scorpionum

309 2181 431 2238 venenis
454 2178 646 2241 vehementer
663 2183 779 2243 resistit
797 2199 853 2242 neo
878 2180 961 2243 leciri
980 2179 1113 2248 creditur
1131 2196 1221 2260 posse

310 2268 452 2345 quiante
475 2273 710 2350 praesumpserit
734 2268 882 2332 eiusmodi
906 2271 1066 2349 potionem.
1104 2266 1222 2330 radices

236 2504 294 2573 (32)
379 2501 499 2575 dtripler
516 2500 651 2557 humidam
667 2509 695 2558 et
710 2501 835 2576 frigidam
851 2503 977 2557 virtutem
993 2496 1081 2556 habet.
1115 2500 1144 2554 in
1160 2496 1221 2556 cibo

313 2593 420 2659 sumpta
444 2595 563 2642 ventrem
591 2585 682 2642 solvit.
721 2587 782 2642 trita
814 2587 877 2642 iolla
901 2587 958 2642 eius
988 2582 1151 2640 furunculos
1174 2599 1260 2644 cuno
1301 2595 1302 2652 ζ

313 2680 382 2727 rant.
420 2688 513 2727 semen
537 2672 596 2726 eius
621 2671 713 2726 tritum
729 2687 791 2727 enm
807 2671 868 2727 vino
883 2671 1008 2727 ictericos
1032 2677 1118 2726 curat.
1155 2666 1222 2723 lolia
1301 2673 1302 2714 l

310 2757 368 2811 eius
393 2755 454 2811 trita
477 2772 538 2812 eum
560 2753 640 2812 melle
662 2765 689 2812 et
718 2758 790 2812 nitro
818 2755 954 2831 podagrae
977 2754 1112 2812 fervorem
1136 2751 1220 2810 tollit.

275 2998 289 3046 1
313 2992 425 3048 umidae
448 3010 476 3047 v:
504 2993 636 3049 humeae
654 2995 694 3064 qr.
716 2998 720 3061 l
745 2994 826 3048 nouus
848 2994 909 3064 por.
975 2999 991 3047 2
1020 3007 1054 3047 ει
1082 2990 1222 3060 (eumn
1301 2969 1302 3054 l

201 3079 242 3133 po
251 3064 316 3133 (idn
335 3063 372 3118 ab
386 3064 549 3120 humoribus
563 3084 586 3120 r.
637 3071 653 3120 3
668 3065 741 3120 sient
754 3065 878 3120 malvae:
896 3065 952 3120 oid.
967 3080 1055 3133 awpro
1069 3079 1091 3118 c.
1111 3073 1167 3117 ro.
1178 3067 1221 3118 18.
1301 3057 1302 3088 ³

238 3141 254 3190 6
272 3135 483 3192 Pernicionibna
501 3138 518 3194 l.
573 3143 590 3192 8
607 3137 710 3192 ulceris
728 3138 795 3206 pol:
813 3152 864 3191 om.
882 3136 928 3190 νὺ.
950 3139 955 3204 Ι
975 3151 1055 3191 aoros
1072 3135 1090 3190 l.
1111 3135 1116 3202 1
1136 3135 1185 3188 sio.

202 3205 387 3276 drestinguii
403 3209 518 3277 potem:
543 3209 690 3276 restringit
712 3208 749 3263 rb
773 3209 820 3278 (ot
838 3223 925 3277 adpro
942 3224 966 3263 o.
990 3209 1042 3274 1¹1).
1109 3211 1143 3260 10
1167 3205 1222 3260 Ge·
1301 3253 1302 3271 ,

201 3277 292 3332 lienus
300 3281 367 3361 ptr).
385 3280 389 3348 Ι
405 3297 561 3350 eurogenes
572 3285 715 3335 ommonem
724 3296 750 3348 9.
788 3280 829 3334 tit.
839 3279 970 3349 lapatho:
989 3277 1097 3348 lapetio
1106 3277 1222 3359 pomi),

201 3347 328 3420 leppetra
347 3351 407 3420 (eie)
426 3352 443 3406 l.
499 3357 532 3406 12
552 3351 697 3421 Lapathus
715 3368 775 3420 epo:
800 3351 987 3420 Lepetiumy
1010 3352 1085 3418 (pont
1106 3347 1224 3404 rutulos

203 3427 246 3478 est
263 3423 324 3490 rb),
342 3438 391 3478 ont.
411 3425 450 3478 ol.
502 3428 535 3477 13
555 3427 668 3506 sumpta
684 3423 754 3492 pot:
773 3430 916 3492 sumptum
934 3421 978 3476 rb.
995 3427 999 3490 Ι
1015 3421 1142 3476 ventrem
1162 3435 1221 3502 ayo:
1301 3423 1302 3426 ’

203 3494 801 3634 neemelifiumopor
824 3493 973 3620 eece
988 3492 1041 3634 u
1060 3490 1223 3633 erere:
