2620 4030
493 205 736 270 —151—

103 370 177 432 bari.
213 369 314 430 suliito
338 386 373 429 eo
397 367 575 430 seminarum
599 368 745 431 secundas
763 357 881 430 evocari
902 369 1013 448 llippo·

104 465 201 518 crates
219 463 324 518 auctor
342 463 398 516 est.
424 459 598 538 suspiriosis
613 457 733 536 quidem
752 475 807 537 per
825 475 858 519 se
877 457 1014 539 crudum,

104 547 196 625 aliqui
218 555 249 606 et
266 561 336 606 cum
353 544 429 605 lacte
448 549 553 607 tritum
573 546 729 608 dederunt.
766 545 883 608 Diocles
905 545 1013 626 hydro·

102 637 179 715 picis
202 652 272 696 cnm
295 641 455 694 centaureo
474 636 602 696 miscuit.
635 633 714 696 idem
732 635 887 696 freneticis
904 635 1014 696 elixum

77 723 194 784 suedie.
231 722 413 801 Praxagoras
437 723 493 784 alio
516 725 559 784 ita
581 741 655 785 usus
678 731 725 784 est
748 730 852 784 contra
875 723 1014 785 morbum

102 814 220 891 regium
251 813 283 872 in
314 813 437 891 potione
462 813 532 872 riui.
578 811 671 872 viride
704 829 774 873 cum
806 812 957 872 codandro
985 818 1017 872 et

102 902 160 961 lico
193 900 294 961 datum
330 898 427 960 almm
458 899 575 961 mollire
606 900 791 980 perhibetur.
842 902 949 962 tussim
986 910 1016 961 et
1061 907 1078 941 ⁸

101 991 320 1068 suspiratioues
338 990 469 1067 pectoris
483 991 599 1068 mitigat
618 991 650 1050 lu
669 988 734 1051 laba
750 997 877 1051 coctum.
906 989 1017 1050 elixum

100 1078 279 1156 inlitumque
290 1076 477 1155 temporibus
487 1077 582 1138 dolori
592 1079 698 1157 capitis
708 1076 880 1157 opitulatur.
899 1080 1018 1139 aurinm

64 1177 89 1217 10
102 1164 257 1227 doloribus
286 1183 377 1225 sucus
404 1184 474 1226 cum
497 1166 581 1246 adipe
612 1168 750 1226 anserino
778 1167 945 1247 tepefactus
973 1167 1017 1226 in-

102 1253 248 1316 funditur.
291 1255 466 1316 raucitatem
494 1257 575 1316 vocis
603 1254 741 1316 emendat
763 1255 795 1314 in
818 1257 884 1334 piso
908 1261 959 1316 aut
986 1255 1017 1314 in

102 1342 171 1404 laba
199 1349 367 1423 sumptum,
399 1349 430 1404 ct
456 1343 536 1423 quod
570 1343 606 1404 ad
633 1361 736 1404 rocem
764 1345 871 1404 attinet
899 1350 1018 1405 coctum

101 1431 212 1514 crudo,
235 1429 345 1492 elixum
369 1432 449 1492 sicco
473 1432 577 1493 utilius
601 1433 796 1493 existimatur.
824 1439 959 1493 tenesmo
980 1449 1018 1492 ex

101 1519 329 1670 pilasltelooctum
352 1519 498 1582 medetur.
534 1528 669 1582 tumores
692 1528 849 1600 suspectos
872 1539 908 1582 ex
932 1519 1017 1600 adipe

64 1618 88 1659 1⁵
127 1610 250 1670 'serit

188 1820 278 1877 Alium
299 1819 419 1878 calidum
440 1829 482 1877 est
505 1827 534 1877 et
555 1820 665 1878 deducit
686 1829 714 1878 et
736 1821 878 1896 mingitur.
917 1835 1017 1895 corpo·
1036 1825 1092 1894 (56)

100 1905 178 1962 ribus
202 1904 312 1980 quidem
332 1903 436 1962 honum
459 1913 517 1977 est,
540 1905 626 1962 oculis
649 1922 713 1962 vero
728 1907 923 1980 perniciosum.
960 1919 1018 1959 mo·

9 2063 10 2066 Ἴ
101 1999 148 2047 vet
172 1989 243 2046 enlm
264 1997 387 2046 ventrem
412 1997 441 2047 et
462 1988 573 2046 deducit
594 1989 621 2046 id
644 1989 719 2064 qnod
746 1990 896 2060 invenerit,
925 1986 1019 2046 simul·

102 2089 159 2150 quc
185 2080 214 2131 ct
238 2073 343 2130 urinam
370 2082 477 2132 movet.
515 2073 602 2132 oculis
630 2074 774 2150 caliginem
802 2072 874 2130 iacit.
909 2081 1019 2130 coctum

61 2158 88 2200 2⁰
102 2169 194 2215 tamen
215 2157 363 2215 invalidum
385 2166 436 2215 est.
472 2157 550 2215 inllat
573 2166 664 2216 autem
686 2159 777 2216 calore
798 2173 849 2215 suo
871 2166 900 2214 et
921 2165 1019 2214 ventos

100 2252 206 2301 movet.
236 2241 396 2299 leoninarum
412 2244 545 2300 secundas
562 2247 666 2301 evocat.
701 2251 799 2318 potum
822 2259 855 2300 es
870 2244 934 2298 vino
957 2257 1017 2298 curn

100 2328 198 2402 pipere
222 2327 316 2382 tritum
338 2328 463 2384 ictericos
484 2334 570 2385 curat
614 2328 785 2385 stomachum
800 2326 892 2385 laedit.
930 2327 1018 2400 spicas

100 2421 161 2468 tres
188 2427 249 2468 cum
271 2410 356 2467 lasere
378 2417 426 2468 aut
447 2428 508 2470 cum
536 2413 631 2488 pipere
660 2410 722 2469 albo
752 2413 928 2487 quartanariis
956 2409 1019 2466 dato

101 2511 166 2554 cum
177 2496 240 2552 vino
251 2502 314 2552 ante
329 2496 522 2554 accessionem.
549 2497 643 2553 tritum
656 2513 716 2553 cum
732 2497 788 2553 sale
804 2495 907 2552 morsui
923 2495 1019 2552 canino

61 2583 87 2624 ²⁵
101 2581 208 2636 receuti
229 2579 379 2655 inponitur.
408 2581 504 2637 tritum
523 2597 585 2638 cum
599 2581 662 2638 vino
678 2584 764 2638 tineas
780 2581 881 2637 ventris
904 2585 932 2634 et
951 2576 1022 2633 lum-

101 2663 196 2720 bricos
219 2664 346 2723 excludit.

176 2925 190 2971 1
210 2917 317 2974 suffitus
335 2918 432 2974 suffitu
450 2919 527 2974 Ptin.
544 2918 549 2992 l
564 2919 686 2990 iptyp-l)
705 2920 834 2990 pocrates
852 2919 900 2988 ol.
956 2923 972 2972 3
991 2916 1129 2974 dedsnmt

123 2991 148 3044 lt
172 2989 275 3044 dedere
292 2990 338 3045 rb.
359 2991 364 3057 Ι
388 2989 530 3060 ydropicis
548 2991 588 3060 pl.
648 2991 835 3046 tcentaurso
852 2990 963 3058 p(Pl.):
988 3003 1048 3043 -res
1066 2988 1126 3046 ire.

98 3005 278 3130 lircueticis:
305 3060 635 3131 monetmonet
649 3077 702 3130 pro
720 3061 780 3131 pla).
840 3060 933 3116 balio
951 3076 981 3130 p:
1009 3058 1077 3114 allio
1097 3059 1128 3113 ld

91 3132 194 3200 (cort
210 3135 215 3197 1
229 3129 327 3201 iteyle
341 3132 447 3188 0ηυί).
484 3137 501 3186 6
515 3131 635 3188 viridem
647 3149 674 3202 p.
690 3135 695 3200 Ι
711 3130 855 3188 coliandro
863 3133 910 3202 pia
925 3129 1128 3187 coriandrort.

140 3201 231 3256 iiico
247 3219 278 3272 p:
301 3202 356 3258 ficu
374 3203 436 3258 tro.
498 3208 515 3258 8
538 3201 740 3272 suspirntionos
761 3204 806 3271 pt:
830 3219 908 3258 -uem
925 3203 962 3257 rb
981 3203 1129 3271 (suppura-

101 3271 197 3328 tiones
217 3273 283 3343 Pi.).
338 3273 491 3328 ainlitum
513 3289 543 3354 p:
565 3272 703 3329 illinitum
721 3275 780 3330 irb.
845 3279 878 3329 11
898 3272 1077 3328 Roucitutem
1094 3272 1128 3340 pl

101 3343 188 3412 (Pl.):
208 3343 455 3399 lluuccdinemrb.
471 3346 475 3413 Ι
491 3361 566 3413 pnor
585 3343 721 3414 piretro,
734 3345 798 3415 ipsc
811 3359 837 3414 9.
854 3347 858 3416 l
874 3346 924 3399 sut
937 3343 967 3398 in
980 3343 1048 3398 fobe
1059 3342 1127 3410 pol:

100 3415 156 3468 unt
173 3413 240 3470 iubs
257 3416 294 3470 rb
308 3416 355 3478 (ab
371 3417 416 3470 tria
432 3416 522 3471 corbis
539 3416 629 3470 denuo
646 3416 747 3484 incipit
764 3420 801 3486 o).
848 3422 882 3470 12
901 3413 937 3469 od
955 3430 1007 3468 om.
1021 3411 1129 3482 ulad-

101 3483 179 3540 tinet
196 3501 223 3610 p.
241 3487 244 3552 Ι
265 3485 369 3612 slttipet
386 3487 566 3613 sluttcpctnm
585 3488 634 3541 cut
656 3487 773 3542 crudum
792 3487 811 3544 l.
880 3493 912 3552 13
932 3484 1089 3540 Thenesmo
1108 3483 1127 3539 l.

144 3561 178 3610 15
218 3555 435 3613 issorizsori
477 3599 483 3611 .
