2620 4030
579 197 822 263 ‚152-

198 389 286 528 2036
363 401 507 458 xvnn.
537 403 586 458 Dc
608 413 787 472 peperere.

363 519 465 601 Capita
496 521 563 582 eius
595 527 625 582 et
654 518 723 580 iolie
751 517 874 580 decocta
906 519 1062 580 meconion
1093 519 1208 582 iaciunt
1304 540 1305 580 t

234 614 250 648 *
296 608 559 690 medicamentum,
582 615 685 670 contra
708 625 743 668 ea
762 609 898 688 corporis
916 609 987 669 vitia
1009 625 1085 686 quae
1107 609 1207 671 medio

296 699 395 777 rigore
429 697 557 758 sananda
589 705 668 758 sunt.
714 714 805 758 sucus
830 713 907 758 'cum
940 714 1063 758 rosaceo
1095 699 1207 758 mixtus

295 785 429 848 dolorem
455 788 574 848 aurium
591 786 714 864 mitigat.
750 782 820 846 lolia
842 784 965 846 decocta
983 793 1014 846 et
1032 803 1101 846 cum
1124 804 1205 846 rosa·

295 891 349 936 ceo
368 877 438 936 trita
456 872 568 936 morbis
582 872 791 936 articularibus
805 875 915 955 optime
930 872 1106 936 inlinuntur.
1129 873 1207 953 aqua
1223 887 1239 929 s

295 962 390 1024 ioveri
411 965 443 1024 in
466 979 524 1041 qua
547 979 725 1042 papaverum
750 964 845 1042 capita
876 961 1000 1024 decocta
1018 969 1089 1025 sunt
1106 962 1207 1042 vigilia

295 1050 400 1114 morbo
426 1050 630 1112 laborantibus
651 1052 783 1130 itemque
807 1069 844 1112 ex
871 1052 984 1132 epiiora
1012 1050 1207 1131 lippientibus
1305 1029 1306 1102 l

233 1147 248 1180 *
294 1140 426 1219 prodest.
462 1157 565 1202 semen
587 1141 691 1201 tritum
710 1157 779 1201 cum
797 1147 880 1201 aceto
901 1147 932 1201 et
953 1139 1040 1201 melle
1058 1157 1118 1202 non
1141 1158 1206 1201 mo-

233 1235 253 1268 *
295 1228 392 1290 dicem
425 1227 609 1292 tumentibus
641 1246 729 1308 opem
760 1236 900 1308 praestet.
942 1236 1045 1290 cortex
1073 1227 1205 1290 caulicu-

233 1325 249 1358 *
294 1317 392 1382 lorum
420 1326 564 1380 contusus
596 1325 628 1378 et
653 1317 793 1378 redactus
819 1319 852 1378 in
877 1316 1033 1397 pulverem
1064 1317 1205 1398 mellique
1224 1333 1254 1373 ro

295 1409 461 1485 permixtus
483 1406 611 1469 sordidis
634 1403 808 1469 vulneribus
831 1406 944 1469 utiliter
966 1407 1129 1486 inponitur.

233 1501 249 1535 ³·
361 1492 415 1556 Est
433 1502 464 1556 et
482 1494 617 1557 silvestre
636 1494 745 1557 modici
768 1495 873 1574 capitis
896 1502 927 1555 et
947 1512 1007 1556 non
1027 1495 1067 1556 ita
1086 1493 1207 1556 fruticis
1306 1518 1307 1562 t

187 1630 204 1665 s
255 1631 283 1684 P
296 1581 378 1664 elati,
411 1582 491 1660 quod
522 1585 598 1643 miro
626 1602 685 1644 usu
716 1581 853 1645 lancibus
885 1585 917 1644 in
948 1591 1067 1645 tumore
1097 1585 1208 1663 positis

202 1630 446 1757 {sss'w‘asperatas
473 1673 601 1732 arterias
631 1679 723 1733 sanat.
763 1673 797 1734 fit
826 1691 862 1732 ex
892 1690 928 1733 eo
955 1671 1207 1733 medicamentum

202 1745 376 1842 (nbr)',quod
398 1759 506 1820 medici
528 1767 649 1822 auctore
673 1759 838 1840 Chrysippo
860 1759 1016 1821 diacodion
1039 1768 1154 1821 vocant
1225 1776 1254 1816 1⁵

220 1961 277 2029 (52)
381 1953 501 2032 Peperer
522 1957 666 2032 restringit
688 1954 795 2030 quidem
811 1962 840 2015 et
861 1956 950 2030 replet
972 1963 999 2012 et
1021 1962 1064 2014 est
1086 1954 1206 2012 tortissl·
1307 2008 1308 2038 p

295 2055 385 2112 mum,
407 2048 435 2097 et
457 2040 555 2099 lortius
571 2040 645 2116 quod
660 2048 702 2098 est
716 2041 835 2115 nigrum.
874 2039 972 2097 borum
987 2039 1107 2096 omnium
1122 2055 1207 2098 sucus
1307 2049 1308 2064 ¹

296 2125 384 2198 magis
412 2126 535 2198 egeritur
563 2141 643 2199 quam
671 2139 777 2182 carnee.
816 2123 962 2199 coquendo
989 2140 1058 2200 erpo
1080 2123 1206 2184 servabis

295 2209 334 2264 ite
353 2215 386 2264 ut
407 2225 469 2265 cum
488 2209 608 2267 volueris
630 2207 731 2284 aliquid
758 2208 908 2280 desiccare,
930 2225 997 2266 suco
1019 2209 1095 2284 prius
1117 2226 1208 2282 quum

295 2292 452 2350 recentibus
466 2291 591 2351 caruibus
606 2295 701 2354 utaris.
738 2309 800 2350 nnm
821 2309 921 2366 genere
941 2308 1104 2368 papaverum
1119 2293 1205 2350 multa
1222 2299 1256 2341 2⁰

295 2384 374 2446 eunt,
399 2384 427 2434 et
447 2378 565 2452 agrestia
580 2377 689 2453 quidem
704 2377 852 2442 medicinae
868 2393 920 2434 usu
939 2375 1123 2436 efficacissima
1138 2385 1209 2434 sunt

296 2462 415 2534 quaein
441 2461 528 2520 bortis
550 2469 690 2520 seruntur.
728 2460 819 2520 elbum
845 2477 963 2538 papaver
984 2461 1074 2518 minus
1097 2459 1206 2532 efficax,

295 2545 478 2621 soporiferum
507 2554 549 2605 est
576 2547 701 2622 quidem,
724 2547 851 2621 quoniam
873 2547 962 2624 minus
990 2546 1092 2622 rigoris
1122 2547 1153 2603 in
1175 2562 1208 2602 se

296 2629 435 2703 continet,
463 2648 543 2706 quem
566 2630 694 2706 paulatim
716 2631 756 2686 illi
777 2629 884 2746 culturp
906 2629 1025 2688 decoxit.
1062 2629 1126 2687 lolia
1145 2631 1209 2687 eius

187 2838 352 2966 ..nolli
364 2840 648 2981 uirtutis
661 2836 1207 2981 illitfllffllldltlalbfflllbiil‘

187 2979 235 3032 tur
248 2981 292 3035 rb.
309 2985 314 3049 t
329 2999 350 3036 r.
365 2982 491 3038 sanmds
504 2997 586 3037 sucus
600 2999 623 3038 o.
637 2983 743 3038 mentio
756 2980 826 3037 trite
837 2982 943 3038 morbis
955 2997 980 3038 n.
995 2987 1041 3036 ete.
1055 2997 1074 3050 9
1087 2981 1158 3049 (noo
1169 2982 1207 3050 e).

225 3054 241 3104 ὅ
259 3051 364 3107 morbis
381 3053 576 3108 ertiommibus
593 3054 660 3123 pol:
678 3053 835 3108 tumoribus
853 3051 1050 3110 usticulsribns
1068 3068 1084 3106 r
1101 3051 1208 3120 (turno-

188 3119 266 3176 ribus
283 3122 487 3180 snricnlcribus
505 3125 541 3195 b).
559 3125 595 3191 ef.
614 3125 677 3194 epit.
694 3127 699 3193 Ι
717 3123 874 3192 inlinuntur
889 3141 941 3194 por
963 3121 1123 3179 illiniuntur
1140 3123 1208 3178 lrb.

225 3198 241 3246 6
267 3191 368 3264 vigilia
393 3195 461 3265 pole
488 3193 650 3266 vigiliarum
672 3196 716 3250 rb.
777 3200 792 3249 7
817 3194 925 3264 epiiors
946 3192 1130 3265 lippientibus
1151 3209 1208 3262 yn:

188 3262 366 3336 epity)phoro
379 3265 467 3321 oculis
480 3264 665 3336 lippientibus
678 3266 707 3320 lr
713 3266 737 3321 b.
779 3271 795 3320 9
810 3263 907 3321 Gortix
918 3282 944 3334 p.
961 3268 965 3334 Ι
981 3263 1167 3320 auliculorum
1180 3281 1209 3332 o,

188 3335 360 3392 csulioorum
382 3338 399 3392 l.
456 3343 487 3391 11
512 3336 621 3393 utiliter
646 3335 713 3406 pole
741 3352 791 3392 om.
814 3337 860 3391 rb.
925 3342 958 3392 12
981 3334 1107 3390 bncticis
1128 3350 1155 3404 p.

188 3410 222 3459 11
236 3406 308 3462 miro
321 3423 374 3463 usn
392 3408 458 3477 pel:
481 3407 553 3462 miro
571 3409 616 3462 est
632 3405 663 3461 in
680 3407 790 3462 usurb.
838 3413 873 3461 14
890 3408 1033 3477 supersim
1049 3421 1068 3475 p
1086 3405 1127 3474 (et
1144 3421 1209 3476 asp.

187 3477 249 3544 oble
272 3479 468 3547 apparatura,
492 3477 653 3548 apporiatus
671 3479 689 3532 t.
750 3482 783 3532 tt
806 3479 920 3533 suamne
942 3479 975 3532 io
996 3492 1083 3545 marn.
1102 3476 1210 3546 eddo

188 3545 264 3611 (aab
282 3546 411 3616 crysippo
429 3553 461 3602 ut
478 3547 528 3617 ol).
545 3549 549 3616 Ι
565 3546 703 3617 diocydon
721 3564 760 3617 po
771 3548 841 3618 (rb),
859 3547 999 3618 dyocidon
1017 3547 1035 3604 l.
