2620 4040
485 265 728 332 —185-

25 487 30 498 ,
98 436 151 491 aot
180 445 270 508 apyno
302 435 514 511 conteruntur,
546 429 641 490 donec
673 430 703 490 in
734 428 828 488 ceroti
859 426 1006 488 lentorem

98 517 278 580 mollescant.
320 517 375 578 hoc
399 517 655 596 adposiinmviiia
673 535 763 596 supra
786 515 864 577 diota
887 517 930 577 sic
954 535 1004 577 on-

97 615 145 668 ral
167 624 204 668 ne
228 605 264 665 ad
287 607 400 667 fernum
424 608 525 667 venire
547 607 686 687 patiatur.

163 694 212 756 Fit
242 713 280 754 ex
309 694 405 756 isdem
432 693 516 756 malis
548 694 671 774 ecligma
697 711 842 772 perquam
874 691 1006 771 elegans:
1051 699 1067 732 ²¹

69 783 306 862 odeccqunntur
328 801 365 844 ex
388 785 456 844 vino
485 782 611 863 lalerno,
639 801 729 844 sucus
753 799 912 862 expressus
936 799 1005 842 cum
1083 823 1086 827 -

95 870 183 934 melle
212 873 363 932 miscetur.
399 870 469 932 lolia
488 871 671 934 ·vulneribus
698 871 832 950 adposita
858 872 1003 949 impetum
1050 875 1066 908 ²¹

95 961 222 1021 semoris
244 959 420 1041 excludunt,
448 962 518 1022 trita
541 978 610 1021 oum
638 961 717 1022 nitro
745 967 776 1022 ei
802 959 910 1038 butyro
937 976 1004 1038 par·

95 1049 192 1110 olidas
225 1057 342 1129 sanant,
374 1050 483 1110 siccata
510 1056 541 1110 et
568 1050 708 1127 fumigata
735 1047 915 1110 carbonibus
942 1064 1004 1107 ser·

94 1145 202 1217 pentes
225 1137 336 1217 lugani.
371 1139 493 1199 corticis
511 1155 601 1198 suone
620 1135 755 1199 eiusdem
772 1154 866 1216 paene
885 1137 1005 1197 virtutis

55 1240 81 1279 1⁰
94 1234 157 1306 est,
189 1227 247 1286 nisi
274 1225 354 1304 qnod
386 1225 510 1287 adustus
537 1235 567 1286 et
598 1228 630 1286 in
657 1224 811 1305 pulverem
841 1223 1005 1286 dissolutus

94 1315 205 1376 cavatis
219 1313 392 1376 vulneribus
411 1321 445 1375 ut
462 1332 583 1376 oannem
600 1313 706 1375 reddat
722 1315 885 1393 inponitur.
917 1329 1004 1372 uvam
1069 1315 1075 1336 ‘

93 1405 242 1464 iacentem
260 1419 332 1465 cum
347 1401 434 1464 mello
456 1405 603 1464 contritus
621 1403 706 1464 levat.
743 1400 916 1481 genitalium
934 1401 1007 1468 vitia

94 1509 165 1552 cum
187 1494 257 1552 vino
280 1509 421 1571 aspersus
444 1492 589 1554 emendat.

162 1637 285 1696 XLIII.
318 1639 366 1694 De
390 1637 553 1712 cydoneo.

164 1737 322 1815 [Medicina
341 1757 377 1798 ex
396 1738 558 1818 cydoneis]
596 1738 734 1818 Cydonea
751 1737 873 1818 plurimi
896 1736 1003 1797 medici
1035 1783 1065 1837 D

54 1825 286 1888 15eustomacha
314 1826 514 1890 crediderunt.
558 1827 662 1888 eadem
684 1825 873 1887 Dioscorides
902 1833 932 1886 el
959 1824 1099 1922 dilm

160 2003 291 2062 llalorum
320 2021 420 2079 genera
448 2013 514 2062 sunl
545 2004 645 2076 mulla,
676 2013 765 2060 tamen
796 2001 850 2059 duo
879 2018 1001 2078 sapores.
1022 2005 1077 2074 (66)

93 2092 253 2164 quaesunt
275 2087 362 2145 dulcia
385 2091 428 2146 vix
450 2098 614 2164 egeruntur,
643 2087 739 2163 dogma
763 2087 901 2158 nutriunt,
932 2085 1002 2141 sellis

92 2171 220 2229 ardonem
242 2180 368 2246 movent,
390 2173 542 2232 inflationes
565 2175 682 2244 iaciunt,
706 2173 768 2246 qnia
783 2173 822 2228 vis
845 2170 952 2246 humida
975 2179 1003 2226 el

7 2259 8 2290 l
93 2256 194 2332 frigida
216 2265 268 2314 est.
306 2266 381 2315 coola
405 2257 532 2317 obvoluta
556 2259 584 2315 in
608 2258 691 2314 farina
712 2258 803 2314 cinero
819 2254 916 2312 obruta
939 2256 1002 2311 trita

7 2369 9 2376 ,
54 2353 79 2396 oo
93 2340 239 2398 oculorum
262 2349 382 2399 tumores
410 2343 521 2399 tollunt.
561 2342 631 2400 mala
653 2341 727 2398 acida
751 2350 854 2398 maiora
876 2338 1002 2397 omnihus

7 2489 8 2494 η
91 2425 247 2497 commoda,
276 2435 304 2483 ct
330 2426 400 2484 bane
426 2427 598 2502 digeruntur.
636 2435 700 2483 sunl
727 2434 755 2482 ei
783 2426 900 2501 agrestia
924 2424 1001 2495 mala,

7 2509 9 2580 l
89 2511 274 2585 rosiringunt.
311 2518 389 2568 cocta
410 2510 480 2568 hene
503 2511 676 2588 digeruntur.
705 2527 787 2568 sucus
803 2525 897 2566 eorum
912 2507 1002 2582 suspi-

7 2639 8 2666 n
90 2595 173 2651 riosis
196 2594 317 2669 prodest.

91 2694 307 2703 ——-.—

165 2766 179 2815 1
200 2777 264 2816 cero
282 2759 384 2818 tilenlo
403 2761 589 2818 temolesoani
601 2777 632 2832 o,
655 2759 743 2816 ceroti
761 2759 838 2814 lenio
851 2756 1038 2813 temolescani
1056 2759 1109 2825 (re-

90 2831 293 2899 mollcsoanio
311 2832 343 2886 ol
362 2834 396 2900 (c.
415 2832 551 2889 leniorem
569 2832 736 2888 mollescant
753 2831 809 2899 rb).
860 2835 878 2884 4
895 2827 984 2883 isdem
1001 2844 1032 2897 με
1051 2827 1108 2881 his-

90 2902 158 2958 dem
174 2902 284 2970 ol(rb).
305 2905 309 2972 Ι
335 2902 468 2973 ecligma:
497 2902 628 2975 endigme
645 2905 714 2972 ool,
738 2901 860 2957 edumno
877 2900 922 2955 rb.
986 2906 1002 2954 5
1021 2899 1108 2954 Deco-

90 2974 216 3043 quantur
233 2974 359 3044 (cuntur
376 2976 404 3043 o)
421 2976 487 3043 ool:
510 2974 683 3044 Decoqniour
701 2972 777 3029 enim
794 2972 839 3027 rb.
860 2975 864 3036 Ι
885 2970 1014 3039 (falerno)
1032 2969 1109 3026 malo

7 3105 8 3114 χ
90 3045 157 3100 odd.
177 3045 194 3098 l.
212 3046 216 3112 Ι
232 3060 296 3098 oum
309 3045 376 3114 ool:
396 3047 425 3100 ei
442 3046 565 3106 ccmrb.
612 3045 748 3099 doblino
765 3043 880 3098 eliomd
898 3043 957 3112 (qui
975 3057 1024 3098 om.
1039 3058 1109 3110 quoe

85 3115 280 3184 praecedentle
299 3114 379 3170 Folia
392 3116 530 3172 malorum
543 3121 590 3172 etc.
623 3113 705 3171 Folia
722 3130 819 3170 eorum
832 3113 879 3168 rb.
895 3115 900 3181 1
916 3111 1047 3183 adposita
1058 3128 1105 3182 oo.

128 3191 144 3241 8
164 3188 266 3240 sonant
282 3185 319 3241 rb
330 3187 374 3255 (l)=
393 3189 476 3242 sanai
486 3203 533 3256 oc.
580 3192 596 3241 9
616 3204 637 3242 s.
651 3201 723 3255 pene
738 3184 863 3240 eiusdem
882 3185 924 3240 ld.
972 3191 1005 3239 10
1018 3183 1107 3238 disso-

89 3256 183 3312 lutus:
211 3254 341 3312 redactus
360 3258 387 3313 d.
453 3263 484 3311 11
505 3256 666 3312 vulneribus
689 3255 796 3311 cavatis
814 3257 859 3312 rb.
919 3260 952 3310 12
971 3253 1107 3308 contritus

7 3321 9 3366 ἶ
88 3328 180 3397 qvid:
196 3326 279 3382 tritus
293 3328 338 3384 rb.
382 3328 423 3382 tit.
438 3327 558 3398 cydonio
571 3329 626 3397 ool
639 3329 715 3396 (meo
730 3327 760 3394 b,
774 3324 887 3398 cylonio
900 3328 933 3395 r).
972 3331 1006 3378 14
1020 3323 1107 3378 Medi·

90 3398 156 3453 oina
167 3415 201 3452 ex
211 3396 334 3454 cidoneio
343 3397 517 3524 (cydoneisg
531 3397 647 3468 plurimi
655 3403 703 3454 elo.
717 3399 777 3467 (oio)
786 3400 840 3469 ool
854 3397 945 3466 (titolo
954 3412 1015 3451 com
1024 3395 1107 3449 initio

90 3485 151 3538 cop.
162 3470 287 3538 confuso)
301 3470 375 3524 conde
388 3470 436 3524 rb:
451 3469 497 3524 Me
518 3469 620 3524 icinam
630 3485 664 3524 ex
674 3468 800 3539 cydoniis
814 3466 991 3539 (cythoniisr
1015 3465 1054 3534 pl.
1069 3483 1106 3522 m.

89 3540 309 3596 stomachentur.
326 3542 330 3606 1
347 3539 478 3609 Cydonea
492 3542 555 3596 odd.
566 3541 604 3597 N.
649 3545 682 3594 15
697 3538 876 3596 crediderunt
889 3538 952 3594 odd.
1007 3538 1107 3606 (cusio-

89 3611 193 3666 maoha
204 3610 302 3667 eadem
312 3610 339 3665 d.
348 3612 410 3681 ool.
424 3611 427 3681 Ι
439 3611 609 3667 dioscorides
618 3611 663 3666 hic
672 3611 753 3666 eliam
762 3626 809 3680 oo.
819 3609 822 3681 l
834 3611 864 3665 el
872 3607 1105 3664 adiurelicamrb.
