2620 4030
574 180 815 246 -150-

295 343 400 404 scribit
419 343 519 404 eibum
538 343 641 405 cardui
660 343 797 421 adiurare
818 350 850 406 ut
869 342 1015 404 masculos
1033 351 1209 422 procreent.
1299 377 1300 427 ;

294 432 417 493 mastico
435 432 615 494 carduorum
634 431 756 492 odorem
779 433 840 492 oris
858 430 1124 494 commendabilem
1137 432 1208 493 red·
1299 451 1300 484 i

190 533 284 598 Ptts,
295 520 346 582 dit.
374 538 434 581 non
447 521 617 601 praeteribo
636 517 715 600 quod
734 517 771 583 de
786 519 940 582 servandis
958 517 1077 580 carduis
1095 518 1208 600 legisse
1299 531 1300 542 ¹

187 609 351 673 4321⁶3me
374 609 510 676 memini:
542 616 625 670 aeeto
649 603 736 670 melle
759 605 853 670 diluto
883 607 1078 690 condiuntur,
1106 607 1209 670 addita

294 699 394 759 radice
412 697 515 759 lassaris
535 705 565 758 et
588 699 713 777 cymino.
741 695 887 759 eiusmodi
905 705 968 758 arte
985 698 1141 780 prouisum
1161 703 1234 759 est⁵

295 805 333 847 ne
357 787 424 868 quis
447 788 567 848 omnino
591 789 655 847 sine
679 785 797 847 carduis
811 785 884 846 dies
908 791 995 847 esset.

221 959 269 1014 Pl.
362 951 489 1008 xvm.
521 954 570 1008 De
594 950 670 1006 clio.

198 1036 287 1099 ²⁰³3·
363 1067 467 1150 Magna
481 1071 525 1130 vis
544 1070 614 1150 alio,
637 1078 668 1130 et
686 1069 753 1130 ideo
768 1087 803 1130 ex
823 1075 919 1130 coest
938 1070 1064 1131 mamma
1082 1067 1209 1132 utilitas.
1299 1067 1300 1116 ἶ

234 1165 249 1200 *
295 1157 433 1219 omnibus
452 1159 562 1239 quippe
580 1159 757 1238 perniciosis
775 1157 930 1217 bominum
948 1157 1033 1219 malis
1046 1156 1209 1218 vehemen-

294 1256 342 1308 ter
369 1249 492 1308 resistit.
533 1254 689 1326 serpentes
719 1253 748 1308 et
773 1247 946 1326 scorpiones
974 1248 1105 1325 itemque
1134 1245 1208 1306 alias
1299 1249 1300 1280 ³

295 1335 431 1399 latentes
440 1334 551 1397 bestias
566 1335 657 1397 odore
672 1334 735 1396 solo
750 1335 846 1415 sugat,
856 1333 972 1396 ictibus
987 1349 1092 1397 eornm
1110 1351 1208 1414 aeque
1223 1347 1250 1388 ιο

295 1423 433 1486 medetur
455 1425 518 1485 sire
541 1424 659 1488 vulneri
681 1424 799 1486 inlitum
821 1425 883 1486 sive
906 1425 937 1484 in
960 1425 1081 1503 potione
1105 1421 1153 1484 vel
1175 1424 1210 1482 in

296 1511 364 1574 cibo
387 1519 548 1592 sumptum.
585 1513 699 1575 morsui
721 1513 827 1576 canino
849 1529 917 1573 oum
940 1511 1026 1574 mede
1046 1513 1209 1574 succurrit
1299 1501 1300 1580 ἶ

295 1601 408 1677 taenias
423 1608 453 1662 et
471 1599 527 1662 alis
541 1602 654 1661 ventris
668 1601 855 1688 animaliaiu
873 1600 969 1662 mulso
983 1607 1066 1662 aceto
1085 1607 1210 1662 coctum

296 1689 417 1767 perirnit
440 1695 471 1754 et
493 1688 623 1768 expellit.
658 1691 771 1752 siecum
794 1705 863 1750 eum
886 1687 1017 1751 restibus
1040 1689 1104 1750 suis
1127 1688 1209 1750 oleo·
1299 1687 1300 1758 ζ

298 1794 357 1855 que
370 1779 552 1856 permixtum
561 1796 665 1840 omnes
679 1780 757 1841 ictus
767 1784 928 1842 venenatos
941 1777 1103 1840 efficaciter
1112 1784 1208 1840 sanat.
1224 1790 1249 1832 ιε
1299 1807 1300 1830 t

297 1864 403 1932 eodem
432 1865 520 1931 modo
548 1875 578 1945 et
605 1868 721 1930 attritas
753 1867 888 1946 eorporis
920 1874 1022 1945 partes
1047 1873 1079 1928 et
1106 1864 1210 1926 ulcera
1299 1877 1300 1916 i

297 1956 328 2018 in
361 1956 457 2034 capite
489 1957 638 2017 manantia
671 1973 806 2036 quaeque
840 1957 874 2016 in
905 1956 1003 2016 vesica
1038 1960 1209 2030 tumescent
1299 1967 1300 2038 l

297 2041 370 2104 lenit
392 2044 564 2122 inpositum.
596 2042 861 2123 peregrinantibus·
877 2045 943 2104 esui
965 2043 1067 2104 datum
1085 2044 1208 2103 minime
1299 2063 1300 2142 p

297 2132 410 2209 patitur
437 2149 488 2192 eos
516 2150 660 2212 aquarum
683 2140 714 2193 et
740 2121 876 2226 locorum
898 2134 1061 2198 mutatione
1088 2139 1209 2210 pertur-
1299 2153 1300 2240 p

222 2350 278 2419 (51)
382 2343 480 2400 Cardid
510 2352 608 2402 natura
636 2344 747 2401 mordax
775 2347 809 2400 et‘
827 2343 988 2401 subaustera
1017 2349 1070 2399 cst.
1114 2341 1208 2400 mollis
1222 2349 1248 2389 2⁰
1299 2293 1300 2340 ¹

298 2426 415 2502 frigidus
436 2437 464 2485 et
486 2428 648 2505 indigestus.
686 2427 747 2486 ideo
762 2443 845 2488 sucus
860 2429 918 2484 ciem
941 2427 1068 2502 alopieias
1084 2425 1208 2501 expellit.

298 2513 403 2569 matrici
425 2513 587 2570 utilissimus
609 2511 686 2570 cibus
709 2519 761 2573 est.

262 2757 276 2804 1
301 2749 395 2806 cibum
417 2751 514 2806 cardui
531 2751 600 2820 plui:
629 2749 726 2804 cardui
749 2749 843 2805 cibum
861 2750 905 2805 rb.
930 2795 933 2802 .
970 2753 986 2803 2
1004 2746 1121 2804 mastico
1140 2749 1209 2818 pldz

190 2817 311 2880 Masties
328 2821 373 2876 rb.
424 2827 440 2875 3
460 2821 569 2876 carduis
588 2837 639 2876 om.
657 2822 702 2876 rb.
719 2825 723 2884 Ι
739 2818 841 2890 legisse
859 2836 904 2876 me
923 2818 1051 2875 memini:
1069 2817 1129 2888 legi
1146 2819 1173 2874 d.

189 2893 308 2946 tacete
325 2891 409 2948 melle
427 2893 461 2962 pl
478 2893 577 2960 (Accio
596 2893 626 2947 et
644 2891 728 2947 melle
746 2893 789 2961 dl:
813 2893 893 2946 sesto
912 2889 1021 2946 scilicet
1037 2889 1123 2945 melle
1139 2887 1206 2962 rb!

152 2961 445 3031 sdilutoe.q(rb)=
468 2963 614 3017 diluuntur
635 2963 772 3018 ecclei.
849 2961 1037 3032 blssarisp:
1065 2960 1209 3030 lentisci,

189 3031 301 3087 iusseris
320 3033 338 3086 l.
354 3031 500 3102 {eiusdem
517 3033 596 3088 modi
612 3035 661 3102 μά,
716 3033 758 3088 ott.
777 3032 812 3088 do
831 3032 893 3088 eleo
910 3049 937 3103 q.
991 3030 1098 3087 islioz
1115 3031 1210 3102 slaop

191 3101 1208 3174 (alliolebitonesestmsximupl(b·”)=ineomaximsselebi

226 3174 396 3232 domnibuse
409 3175 576 3231 Hominibus
587 3177 597 3230 l
610 3176 669 3245 (qui
677 3190 741 3230 noos
750 3191 800 3230 om.
810 3173 976 3245 hominum).
993 3175 999 3243 Ι
1013 3171 1175 3244 pernitiosis
1183 3189 1208 3242 9.

228 3251 261 3300 10
279 3247 386 3315 Leque
404 3263 500 3303 eorum
518 3249 554 3302 m.
570 3249 587 3302 l.
634 3251 668 3301 12
682 3249 840 3316 sumptume
858 3245 958 3300 delum
974 3247 992 3300 l.
1039 3250 1074 3300 1³
1087 3244 1209 3300 isonia:
1299 3299 1300 3312 q

191 3315 283 3372 tinem
296 3317 413 3388 pl(rb).·
460 3323 495 3373 14
508 3319 615 3374 siceum
632 3333 697 3372 eum
714 3318 766 3387 pb:
787 3316 909 3372 Suueum
926 3333 1029 3384 cumr,
1048 3313 1096 3370 su
1113 3331 1179 3370 oum
1191 3316 1209 3370 l.
1299 3321 1300 3354 ³

192 3386 278 3458 leuis:
298 3388 341 3443 sui
355 3390 373 3445 l.
389 3390 394 3458 Ι
410 3389 527 3459 oleoque
540 3390 585 3458 pl:
604 3388 666 3444 oleo
679 3389 725 3444 rb.
772 3393 806 3443 ts
819 3387 1028 3458 eodemquerb.
1076 3391 1110 3440 tu
1125 3401 1210 3455 quse-

121 3483 126 3496 »
191 3474 258 3526 que=
272 3475 448 3585 qrpeerpmque
461 3462 480 3584 lb
495 3462 500 3528 l
516 3459 657 3516 vesiecml
671 3460 716 3528 (ef.
728 3460 793 3529 Pl).
810 3461 815 3527 l
831 3461 989 3514 tumescent
1006 3474 1036 3528 p:
1056 3460 1136 3511 -cunt
1149 3457 1209 3512 leb.

229 3534 297 3584 19e
328 3546 373 3599 ps:
392 3537 459 3585 adr
483 3573 489 3586 .
1022 3560 1025 3569 ·
