2610 4040
378 253 705 348 1-19ψ

87 419 119 472 et
141 411 194 474 alis
222 414 310 474 tritae
341 416 372 473 in
395 413 516 474 linteolo
548 418 680 477 contusis
712 416 834 478 auribus
867 437 869 441 ’

84 503 290 580 imponuntur.
327 503 440 564 nitrum
463 521 499 562 ex
522 506 590 564 vine
612 503 757 583 liquatum
779 524 832 584 pu·
860 516 966 580 31‚t17.

84 589 214 651 rulentis
233 589 355 650 auribus
374 590 517 652 medetur.
556 595 670 653 sonitus
692 601 722 653 et
745 595 832 653 tinni—
895 596 933 651 ib.

84 686 137 738 tus
164 679 286 739 discutit
313 681 426 740 nitrum
453 682 558 740 tritum
585 688 616 741 et
644 683 757 742 siccum
789 684 832 741 in-

54 780 224 846 ⁵sparsum
238 814 245 827 .
261 815 289 828 ..
326 786 363 844 en
385 770 500 828 resacia
527 769 627 848 tepide
654 778 684 830 et
711 769 833 830 auribus
905 775 921 808 *

82 858 251 916 inmissum.
300 856 468 934 purulentis
508 857 629 918 auribus
666 858 833 920 infunditur
860 869 965 931 28‚173.

83 943 125 1004 iel
149 946 227 1005 tauri
251 961 320 1005 cum
341 947 425 1022 porri
448 947 552 1006 sectivi
571 964 651 1007 suco.
690 949 715 1007 si
738 949 831 1025 gravi·
860 957 964 1020 natet.

81 1041 130 1093 tas
153 1035 192 1092 sit
215 1035 344 1113 cirrium,
368 1033 472 1093 ecdem
495 1034 562 1094 lelle
582 1053 651 1095 cum
673 1034 748 1095 lacte
768 1053 832 1096 mu-

81 1119 172 1181 liebri
203 1117 382 1198 perluendae
415 1129 493 1183 sunt.
539 1125 641 1202 equini
668 1123 730 1183 limi
757 1124 847 1202 cinis·
894 1126 931 1179 ib.

39 1222 67 1260 10
82 1227 154 1269 cum
177 1211 291 1270 rosacio
319 1209 488 1271 instillatur.
514 1229 629 1271 serum
656 1211 740 1271 vituli
763 1230 832 1271 cum
860 1220 964 1284 28,175.

82 1297 170 1376 adipe
194 1299 308 1358 anseris
335 1306 365 1358 et
388 1300 476 1358 ocimi
504 1317 590 1381 suco,
618 1299 657 1360 lel
680 1301 831 1360 taurinum
859 1308 964 1372 tutte

81 1384 129 1445 vel
160 1387 315 1465 caprinum
342 1404 411 1447 cum
437 1389 552 1448 rosacio
579 1387 680 1466 tepido
709 1386 831 1448 auribus

80 1473 204 1534 inditur.
242 1474 378 1535 omnibus
406 1493 481 1553 quae
508 1478 700 1537 inmittuntur
722 1477 831 1553 tepidis
858 1487 962 1550 28‚174.

80 1562 228 1624 utendum
251 1571 306 1623 est.
337 1564 423 1624 urina
442 1566 506 1643 apri
529 1565 627 1645 tepida
649 1564 830 1626 infunditur:
858 1575 962 1638 28‚173.

37 1662 64 1704 1⁵
79 1651 117 1712 ad
151 1649 206 1711 hos
233 1669 307 1711 usus
335 1659 470 1712 servatur
501 1653 533 1714 in
564 1655 657 1714 vitreo
686 1670 763 1714 vase.
804 1654 830 1714 si
858 1663 945 1727 nepe.

79 1757 158 1818 aqua
186 1741 340 1800 intraverit
367 1742 399 1799 in
422 1740 584 1801 auriculam
612 1741 759 1822 dextram,
791 1743 829 1800 si·

78 1830 178 1889 nistre
213 1828 289 1907 pede
326 1826 475 1888 desultare
512 1837 629 1908 oportet
666 1831 761 1908 capite
797 1831 829 1888 in

78 1916 221 1977 dextrum
239 1916 396 1976 humerum
409 1916 563 1998 inclinate,
586 1921 612 1978 si
625 1920 657 1978 in
669 1919 828 1998 sinistram,

78 2023 117 2066 ex
151 2004 276 2066 diverso.
318 2006 343 2064 si
371 2004 450 2083 qnod
479 2005 586 2066 animal
612 2007 766 2066 intraverit
799 2013 828 2065 et
856 2016 942 2079 cept.

37 2105 63 2143 i0
77 2097 239 2173 inspuetur
260 2095 293 2154 in
316 2110 431 2175 aurem,
455 2093 535 2154 exire
560 2093 701 2156 creditur.

148 2314 223 2372 VII.
249 2301 476 2370 Perotidibus.

148 2449 226 2512 Raro
241 2453 347 2513 medici
364 2447 549 2533 parotidihus
568 2451 751 2512 curationem
765 2467 826 2510 non

77 2541 223 2601 devocant
254 2541 290 2601 ad
323 2541 507 2621 scalpellum,
540 2558 609 2600 curn
640 2547 670 2600 et
701 2539 825 2617 reprimi

152 2753 165 2801 1
185 2747 251 2803 trite
269 2747 299 2802 in
316 2744 452 2801 lintheolo
467 2747 486 2802 d
499 2745 580 2815 (Pl.):
598 2745 666 2817 nite
684 2743 766 2815 inlitp
783 2743 814 2797 in
827 2741 945 2798 linteolo
959 2755 989 2811 p,
1006 2741 1092 2798 tritae

75 2819 107 2874 et
128 2817 219 2874 illitae
241 2817 359 2872 linteolo
382 2817 418 2871 rb
446 2816 553 2883 (inlitae
580 2817 673 2885 itaque
695 2830 728 2868 cn
751 2813 827 2882 dupl.
846 2813 905 2868 leci.
923 2817 1021 2868 mettun
1037 2829 1091 2870 auu

74 2890 234 2944 coniectena
247 2889 324 2942 eiecit
336 2888 373 2956 d).
415 2893 432 2942 4
444 2887 602 2957 inspersum
616 2903 650 2941 ex
662 2901 681 2955 p
698 2885 837 2954 (sparsum
850 2884 910 2953 τως
930 2901 1091 2954 expressum

75 2977 111 3016 ex
135 2960 161 3014 d.
197 2960 229 3014 ie
252 2959 309 3014 loco
332 2963 460 3026 corrupto
479 2959 614 3013 lacunam
640 2957 803 3026 sepnificuvi.
885 2959 901 3010 ὅ
929 2955 1027 3024 lepidst
1048 2954 1091 3026 dl

75 3033 106 3086 ei
123 3030 154 3084 in
168 3029 281 3084 auribus
293 3030 335 3098 pd
349 3029 390 3098 (in
403 3043 452 3084 mn.
467 3030 522 3098 rb).
574 3035 590 3082 6
604 3026 773 3097 prurulentis
787 3027 814 3081 d.
866 3032 881 3081 'l
896 3025 1014 3096 gravida
1027 3027 1054 3080 d.

74 3107 92 3156 9
110 3100 281 3170 perluendee
298 3101 357 3169 prb
377 3099 456 3167 (Pl.):
475 3097 647 3168 perliniende
666 3098 692 3153 d.
749 3103 780 3151 11
801 3096 901 3153 decimi
919 3097 945 3151 d.
1002 3102 1035 3150 13
1051 3096 1093 3151 in-

73 3171 153 3226 ditur
178 3172 248 3241 prb:
276 3169 431 3226 instillatur
452 3171 478 3224 d.
571 3175 602 3223 17
627 3167 768 3224 desultere
795 3168 867 3236 prb:
896 3165 1045 3222 dissultare
1071 3167 1091 3221 d

74 3241 226 3312 (exsultare
247 3242 302 3308 Pl.)
328 3242 332 3308 Ι
360 3240 391 3294 in
413 3240 511 3296 dextro
533 3239 649 3296 humero
674 3241 701 3294 d.
775 3244 808 3293 18
832 3237 855 3292 ei
881 3237 912 3291 in
935 3235 1090 3292 sinistram:

76 3313 108 3368 Si
127 3311 269 3367 sinistram
295 3313 362 3380 (dre
380 3312 428 3379 dr)
452 3312 524 3379 drb,
548 3311 668 3366 Sinistra
689 3310 749 3378 (om.
769 3308 803 3378 si)
821 3324 847 3378 9.
903 3313 935 3362 19
973 3311 1003 3362 ei
1020 3308 1092 3376 prb:

75 3399 127 3439 om.
148 3383 173 3437 d.
242 3383 283 3436 nt.
303 3383 344 3438 De
363 3380 538 3451 parotidihus
557 3381 587 3435 id
606 3382 649 3436 eet
669 3379 816 3435 sarcimine
834 3394 888 3451 que
908 3377 961 3433 sub
978 3378 1093 3433 auribus

73 3455 229 3510 naseuntur
241 3468 273 3522 9,
292 3452 336 3506 Ad
351 3451 494 3522 parotidas
512 3451 543 3505 id
560 3455 604 3506 esi
621 3450 768 3506 lmciminc
786 3451 812 3504 d.
867 3454 899 3502 21
915 3447 1091 3518 parotidihus

71 3524 128 3594 φάε
148 3523 250 3578 -tidum
268 3523 312 3578 rb.
395 3527 429 3576 22
448 3522 485 3576 ad
508 3522 675 3591 scalpellum
692 3522 792 3591 pdbm:
821 3537 839 3574 e
863 3518 997 3588 scalpello
1020 3517 1064 3572 rb.
1087 3517 1091 3588 l

73 3595 235 3662 cumeip:
255 3595 285 3648 et
303 3611 366 3648 cum
385 3594 416 3662 d,
437 3610 500 3647 cum
519 3594 580 3662 (om.
600 3593 640 3661 el)
658 3593 703 3646 rb.

894 3675 931 3728 ᾖ*
