2610 4040
518 217 715 278 *9-

108 381 299 442 utilissimum
322 397 388 440 esse
412 379 523 440 melin
548 398 606 458 quo
631 395 700 460 apes
720 388 853 440 mortuae

109 473 175 530 sint.
204 488 262 548 quo
282 471 325 529 uti
344 470 369 528 si
389 470 554 549 continget,
573 469 770 528 affectandum
789 471 854 529 erit.

174 557 284 618 Lanam
293 556 427 618 sucidam
437 575 530 636 aeque
541 558 764 618 meminerimus
779 559 854 636 opti·
883 567 970 631 aura.

108 665 185 707 mam
208 664 274 706 esse
298 665 314 706 e
339 645 423 706 collo.

82 750 94 788 5
151 735 291 796 iubemur
305 737 336 794 in
351 734 528 812 quibusdam
541 736 681 795 remediis
696 737 740 795 uti
754 737 854 795 cinere

109 823 154 884 rel
173 825 269 884 avium
287 823 333 883 vel
352 824 522 884 animalium
542 824 724 902 aliarumque
744 842 855 884 rerum.

14 927 15 932 ’
108 915 205 972 omnia
231 913 320 972 huius
348 915 466 991 generis
494 912 646 974 dehehuut
669 914 795 972 cremari
824 915 855 972 in
928 915 943 948 *

26 1054 30 1064 ,
108 1001 164 1061 olla
196 1001 290 1082 nova‚''
322 1000 420 1061 addito
454 1001 595 1081 operculo
628 1002 855 1079 circumlitoque

25 1105 28 1112 ·
108 1089 222 1170 argilla,
244 1092 275 1149 in
299 1091 388 1150 furno
412 1091 547 1151 ferventi.

72 1192 95 1228 10
166 1177 311 1239 Omnibus
322 1179 603 1258 gargarizationibus
614 1178 715 1239 calidis
726 1185 854 1238 utemur.
928 1181 943 1213 *

165 1267 291 1346 Oportet
305 1276 335 1348 et
348 1267 480 1346 pondera
490 1267 677 1328 medicinalia
686 1285 854 1327 mensuras·
883 1274 987 1338 21,185.

23 1353 28 1360 ’
108 1375 166 1434 que
194 1374 291 1416 nosse.
313 1355 468 1428 drachma
496 1364 558 1416 tres
582 1355 728 1436 scripulos
758 1355 854 1415 hahet.

108 1443 247 1504 drachma
260 1445 377 1524 pondus
392 1453 438 1506 est
457 1446 571 1506 denarii
585 1447 731 1525 argentei,
750 1444 855 1504 obolus

108 1532 264 1593 drachmae
287 1552 357 1613 pars
376 1542 467 1596 sexta.
505 1535 627 1614 cyathus
646 1533 802 1594 drachmae
822 1548 855 1614 x,

71 1633 94 1671 15
109 1621 295 1682 acetabulum
310 1621 467 1684 drachmae
481 1625 539 1704 xv,
563 1623 696 1683 cocleare
716 1621 855 1682 drachma

107 1710 241 1791 dimidia,
263 1713 343 1771 mina
361 1711 517 1773 drachmae
538 1725 567 1772 0.
595 1713 741 1773 sextarius
764 1710 855 1771 medi-

108 1799 217 1859 cinalis·
233 1799 321 1860 hahet
346 1803 448 1862 uncias
472 1816 504 1861 x.

164 1887 244 1948 Haec
253 1889 393 1950 suntfere
402 1887 855 1969 quaeinuniversitatemohser-

107 1977 200 2036 vande
213 1985 290 2037 sunt.
315 1996 395 2038 nunc
410 1978 534 2057 shrgulis
545 1977 687 2038 membris
698 1995 750 2038 sua
761 1994 855 2037 reme·

69 2079 94 2117 20
108 2065 156 2125 dia
175 2065 396 2145 applicabimus.
431 2067 610 2146 procedente
630 2065 773 2147 opusculo
797 2072 855 2124 ter·

106 2155 194 2214 tiauis
214 2157 366 2232 quartanis
385 2163 416 2215 et
434 2155 604 2216 huiusmodi
619 2155 703 2216 malis
717 2154 855 2233 quemad-

106 2242 230 2302 modum
240 2251 428 2324 occurratur,
443 2247 521 2305 sicut
534 2245 714 2304 inuotitiam
725 2251 857 2304 nostram

107 2333 200 2412 venit,
214 2330 416 2393 tractabimus.
438 2335 621 2416 'incipiemus
637 2351 707 2412 ergo
721 2351 737 2392 a
752 2333 856 2410 capite.

180 2508 193 2556 1
214 2500 440 2557 utilissimumrb
452 2501 566 2571 (Pituiz
585 2501 655 2556 utile
669 2502 701 2568 d,
715 2501 868 2574 utillimum
877 2501 935 2569 (sic)
945 2516 970 2569 p.
1025 2504 1041 2551 2
1057 2499 1123 2552 eunt

104 2573 290 2642 attritique
309 2573 381 2642 qrb:
401 2573 476 2643 quod
495 2574 521 2628 d.
539 2575 543 2641 l
560 2571 700 2642 contingit
717 2569 977 2627 effectuosissimum
996 2567 1062 2636 erit,
1086 2568 1122 2622 ad

104 2643 201 2698 lenam
218 2643 435 2699 succidendam.-
457 2643 554 2714 Aeque
568 2649 614 2699 etc.
634 2644 679 2699 rh.
734 2650 750 2696 3
770 2641 907 2711 optimam
921 2657 986 2696 ease,
1000 2639 1072 2694 collo
1081 2641 1124 2709 qd

104 2715 150 2782 (cf.
164 2717 281 2784 Marc),
305 2713 444 2784 optimum
461 2731 522 2769 esse
541 2712 657 2784 collyrio
675 2731 691 2768 r
715 2715 751 2782 (ο.
771 2730 794 2768 e.
812 2712 855 2766 uti
879 2712 996 2782 collyrio
1014 2711 1050 2780 b).

104 2791 120 2838 5
138 2785 271 2840 iubemur
291 2802 322 2854 9:
349 2785 515 2840 iubemusd
537 2784 705 2854 (iubebimus
723 2785 781 2853 rb).
873 2790 887 2838 1
911 2784 939 2839 h.
958 2781 1068 2854 generis
1091 2797 1121 2850 9:

103 2855 267 2912 huiuamodi
280 2857 300 2911 d
314 2854 483 2922 (huiusmodi
497 2856 607 2927 generis
620 2856 683 2926 νὺ),
702 2859 706 2924 t
731 2854 874 2910 debebunt
886 2857 959 2926 prb:
978 2852 1083 2909 debent
1096 2853 1123 2907 d.

130 2933 148 2982 8
159 2926 372 2996 circumlitoque
382 2929 455 2998 pdr:
470 2927 712 2996 circumlinitaque
722 2929 738 2982 b
748 2928 794 2995 (cf.
805 2926 891 2996 Gara.
901 2943 922 2982 c.
933 2929 987 2996 41).
1021 2930 1037 2978 9
1052 2923 1122 2977 in-

101 2997 225 3053 ferventi
237 3001 280 3068 qd
290 3000 335 3067 (cf.
346 2999 463 3066 Marci:
479 3015 532 3054 ¹om.
547 2999 592 3052 rh.
644 3004 677 3052 12
691 3015 773 3054 noaee
786 2999 839 3067 pd:
858 3014 942 3053 nosce
955 3015 971 3052 r
986 2994 1076 3066 (nosci
1086 2995 1122 3063 h).

104 3068 107 3138 Ι
128 3069 250 3138 dragma
263 3070 304 3140 pd
322 3069 396 3138 (item
413 3071 446 3124 io
458 3071 539 3139 seqq.)
567 3072 570 3137 t
593 3069 756 3138 posthabet
769 3070 834 3124 hacc
847 3069 995 3137 infcrtrb:
1013 3067 1045 3120 In
1063 3064 1121 3120 alio
1197 3076 1200 3081 ’

102 3139 200 3195 codice
227 3138 389 3195 medicinali
421 3143 459 3210 (c.
482 3141 517 3195 de
541 3143 601 3195 arte
624 3140 734 3196 medica
761 3141 792 3210 b)
815 3139 875 3210 legi
896 3139 945 3196 ita.
978 3137 1120 3194 Drachma

102 3212 148 3264 eet
165 3211 276 3280 pondus
294 3217 341 3268 etc.
414 3218 448 3266 14
467 3213 547 3267 sexta
563 3212 635 3282 qrb:
669 3211 758 3267 tercia
790 3212 835 3280 (ex
854 3232 894 3267 111.
910 3227 965 3280 pro
983 3211 1032 3278 vr.)
1051 3210 1079 3264 d.

104 3287 211 3337 14-16
226 3282 376 3338 drachmae
388 3283 513 3354 (dragma
522 3285 550 3352 9)
560 3283 636 3352 prb:
647 3282 778 3352 dragmas
788 3283 814 3338 d.
845 3287 877 3336 15
887 3281 1060 3337 acitabulum
1071 3279 1120 3348 pd.

105 3353 283 3423 {dragmam
305 3352 453 3410 dimidiam
466 3355 492 3411 d.
558 3361 592 3409 16
618 3353 715 3424 dragffi
737 3355 764 3409 d.
811 3353 1033 3408 sextarius-x:
1056 3352 1121 3404 hacc

103 3425 227 3481 alirmde.
251 3430 396 3494 praeterea
410 3426 490 3481 addit
503 3425 554 3480 rb:
574 3424 689 3479 hemina
702 3424 859 3480 drachmas.
869 3443 895 3480 v.
947 3428 979 3478 18
989 3419 1122 3476 universi-

103 3495 439 3566 tatem(-ie)p:·iectrb.
485 3502 517 3550 21
527 3497 556 3551 et
565 3496 708 3565 quartanis
718 3497 786 3550 ctrb.
837 3494 1121 3564 23incipiemueergo

103 3564 238 3637 (igit'ord)
249 3567 416 3638 acapiieyd:
427 3567 482 3623 orsi
492 3567 607 3637 cacapite
617 3567 731 3636 eiusque
738 3565 858 3628 ,maheru
868 3567 912 3634 (ecc
919 3565 994 3620 Plio.
1001 3567 1044 3630 25,
1051 3564 1121 3631 132).
