2610 4040
490 223 709 288 -59,ἡ

88 387 264 452 concliorum
292 390 445 449 curatione
473 385 638 449 subiectam
660 390 752 468 operi.
789 389 839 450 be·
912 394 928 430 ⁹³

89 477 182 538 dorae
206 485 236 538 et
259 476 377 556 gladioli
400 496 490 539 sucus
518 479 583 556 pari
605 494 746 539 mensura
769 495 838 539 cum

86 583 180 646 passo
204 565 363 628 calefactus
384 569 470 648 potui
493 567 588 628 datur.

158 749 248 805 m.
272 747 537 818 condylomatis.

158 847 264 910 Oleum
282 857 367 912 vetus
384 853 484 930 picem
503 849 644 931 pollinem
667 851 834 931 decoquere
862 861 967 925 63127.

55 945 210 1018 soportet
243 945 273 999 et
310 958 398 1018 quam
431 939 643 1001 calidissimum
673 942 835 1021 imponere.

163 1073 383 1130 isubiectam.
417 1077 451 1144 cf.
470 1092 564 1146 capro.
589 1093 611 1131 c
630 1077 859 1136 4.tit.xr111
891 1076 941 1145 (sic
963 1091 1018 1145 pro
1042 1076 1103 1142 xvr)
1164 1119 1166 1123 .

87 1144 292 1201 condilomate
310 1147 439 1204 collectio
458 1147 601 1218 sanguinis
619 1165 645 1218 p,
664 1147 709 1202 Ad
723 1146 948 1202 condilomatatl.
1012 1145 1103 1215 4pol-

87 1215 196 1272 honam
208 1233 235 1286 g
289 1217 328 1272 5
319 1231 463 1290 imponere
476 1219 554 1308 prbe
570 1234 675 1288 ponere
689 1219 715 1273 d

156 1448 250 1532 <xm
273 1459 370 1517 seon
391 1451 515 1536 uene>
624 1461 627 1467 ·

93 1792 96 1797 ·
150 1763 248 1834 (Coli
269 1767 412 1840 dolori.)

154 1855 235 1937 [Colo
263 1870 290 1919 el
317 1864 442 1921 omnibus
471 1866 664 1923 intestinorum
694 1863 834 1922 doloribus
870 1869 946 1931 3663

88 1985 96 2001 .
120 1988 127 2001 .
153 1989 160 2002 .
185 1945 369 2004 efficacissime
392 1948 516 2007 subvenit
539 1951 594 2006 avis
623 1949 739 2023 galerita
763 1991 770 2005 .
796 1991 803 2007 .
828 1961 846 2008 .’
872 1940 1098 2008 (ΜαΜῧὶθῖλ

46 2051 74 2092 10
88 2031 145 2086 sire
160 2025 219 2104 ipsa
234 2041 322 2089 assata
342 2035 372 2090 in
388 2031 449 2092 cibo
465 2041 602 2108 sumatur,
627 2034 683 2091 sire
699 2049 759 2091 cum
775 2032 836 2107 plu·

88 2115 141 2170 mis
155 2115 212 2170 suis
228 2115 370 2174 combusta
391 2117 532 2202 redigatur
552 2120 580 2174 in
596 2119 728 2191 cinerem,
754 2125 856 2192 atque*

88 2215 122 2255 ex
150 2215 184 2256 eo
211 2199 420 2275 diligentissime
448 2205 513 2261 trito
544 2211 619 2261 terna
647 2202 779 2261 coclearia
804 2219 836 2259 ex

88 2299 157 2357 aqua
180 2283 263 2340 calida
281 2288 360 2360 potui
381 2304 431 2362 per
453 2288 575 2345 triduum
594 2287 703 2346 (lentur.
726 2289 837 2344 unicum
872 2293 914 2358 30
917 2292 957 2342 63

88 2375 132 2424 est
157 2369 315 2427 intestinum
336 2372 464 2447 ossifragi
491 2374 574 2429 mirae
597 2381 728 2445 naturae,
762 2371 836 2446 quod
873 2363 975 2433 (More
997 2361 1042 2428 ib)

47 2475 75 2516 15
89 2453 179 2508 omnia
206 2453 334 2513 devorata
356 2457 484 2513 citissime
506 2455 624 2514 coniicit.
665 2458 746 2514 huius
772 2473 835 2532 pars

88 2543 208 2594 extrema
231 2538 370 2613 colligitur
393 2549 421 2597 et
442 2543 600 2617 reponitur,
627 2548 655 2598 et
681 2559 742 2599 cum
764 2557 835 2616 opus

87 2620 170 2678 luerit
184 2625 273 2680 ventri
288 2625 437 2682 laborantis
457 2626 600 2700 alligatur:
622 2626 743 2682 remedio
765 2627 834 2681 miro

88 2721 183 2762 omnes
217 2707 409 2766 intestinorum
442 2710 552 2768 dolores
587 2711 716 2768 citissime
746 2708 833 2766 sedat.

86 2789 144 2865 lupi
166 2800 272 2850 stercus
294 2793 441 2851 dummodo
463 2811 519 2852 non
547 2797 574 2851 in
597 2803 670 2852 terra
696 2796 834 2851 inventum
871 2798 984 2862 28311„

47 2882 93 2930 2⁰.
119 2917 126 2931 .
151 2918 158 2931 .
188 2876 302 2953 colliges
324 2887 357 2935 et
374 2879 493 2936 servabis
515 2888 543 2936 et
571 2896 632 2937 cum
655 2896 725 2955 opus
752 2879 836 2938 luerit

85 2957 220 3016 laboranti
232 2963 319 3020 colico
331 2963 455 3039 alligabis
467 2963 500 3020 ad
512 2963 650 3028 brachium
663 3006 671 3023 .
685 3007 692 3021 .
706 3008 713 3022 .
727 2959 747 3042 .]
763 3007 771 3023 .
785 3007 791 3022 .
806 3005 813 3022 .
827 3007 835 3022 .
931 3001 932 3004 =

86 3043 233 3102 defunctos
245 3046 324 3105 obrui
336 3057 456 3124 oportet.
483 3049 685 3125 vespertilionis
701 3050 834 3125 sanguine
871 3051 955 3116 30,64.

85 3169 254 3189 ......
289 3149 390 3191 cornus
412 3135 513 3190 cervini
537 3127 547 3189 .’
569 3177 575 3192 .
601 3179 609 3196 .
633 3177 640 3192 .
666 3178 672 3191 .
699 3176 706 3192 .
731 3177 737 3190 .
763 3181 771 3195 .
795 3177 802 3190 .
828 3174 834 3189 .
871 3137 972 3201 tarn.

3 3279 4 3302 p
84 3211 150 3270 lecit
173 3216 274 3290 optime
296 3217 328 3274 ad
351 3217 441 3275 colum
462 3219 540 3292 potio
570 3259 833 3278 .........
913 3213 930 3246 *

140 3369 157 3419 8
171 3365 247 3422 Dede
261 3369 397 3451 Marcelli
405 3359 494 3424 cerba
537 3375 571 3424 19
584 3355 650 3425 baec
662 3370 704 3424 ito
719 3370 765 3425 Pl
779 3385 851 3440 quae
868 3369 900 3424 in
918 3364 1101 3426 excrementis

3 3435 5 3498 l
81 3433 145 3504 lupi
164 3435 312 3495 diximus
304 3437 424 3497 mreniri
443 3457 516 3511 ossa,
541 3441 566 3497 si
583 3443 688 3496 terram
706 3458 762 3497 non
779 3388 939 3511 attigerint,
964 3439 1025 3494 colo
1043 3453 1101 3494 me-

3 3541 4 3562 ι
80 3451 360 3637 {iffitudzlxlgnlligatc
377 3481 516 3569 brechio
530 3513 575 3581 cf.
583 3529 654 3583 gatae
675 3513 716 3569 tbi
737 3517 890 3583 eegmootwr
911 3511 1045 3579 foetentia
1063 3509 1102 3566 cd
