2610 4040
505 251 724 315 -41.„

106 417 222 484 denuit
252 413 437 495 singularum
467 431 571 474 rerum
598 413 739 473 omnium.
780 411 855 473 haec

104 523 143 566 ex
157 507 225 565 rino
244 503 401 583 diligenter
415 509 556 564 teruntur
569 500 605 561 nd
626 500 855 562 crassitudinem

103 593 194 674 poulo
208 593 390 672 spissiorem,
399 609 489 671 quam
502 589 607 651 mellis.
636 607 673 650 ex
686 588 743 649 hoc
761 588 853 649 medi·

103 688 242 742 cemento
269 683 354 742 initio
381 680 499 760 pondus
521 679 669 740 victoriati
695 679 728 738 in
755 675 854 738 trihus

73 785 88 826 5
103 769 220 850 cyathis
237 784 329 848 aquae
345 767 485 830 euntibus
498 768 659 828 dormitum
674 765 771 848 detur,
784 783 854 825 mox

103 858 213 920 deinde
237 876 273 918 ex
296 857 401 918 eodem
430 856 518 918 modo
541 873 634 934 cquae
662 854 779 935 pondus
801 853 852 914 de·

102 948 191 1008 narii
221 947 335 1026 prima
371 947 492 1026 potione
529 944 682 1023 proiectus
714 943 854 1022 sentitur,

102 1033 214 1096 deinde
241 1033 409 1095 incredibili
436 1032 513 1096 saltu
540 1032 706 1113 explicatur
729 1032 854 1099 curatio.

178 1316 308 1390 Liber
341 1315 566 1388 secundun.

260 1481 287 1538 ι
308 1449 475 1537 Pontou

174 1599 295 1662 invenio
314 1603 373 1661 inm
386 1599 578 1678 desperatum
595 1597 758 1679 pthisicum
772 1616 855 1660 senu-

59 1703 87 1742 10
103 1699 173 1750 turn
194 1689 252 1750 hoc
269 1689 366 1749 modo.
393 1687 525 1750 radicem
543 1687 687 1767 decoquis
704 1690 736 1748 in
754 1689 857 1768 punici
929 1691 944 1724 *

103 1777 178 1838 muli
200 1779 327 1840 cortice:
349 1778 476 1839 mixtum
496 1795 533 1838 ex
555 1793 649 1854 aquae
669 1775 774 1856 cyatho
794 1793 854 1838 nuo

104 1874 137 1928 et
170 1865 256 1928 luciis
285 1867 352 1946 pari
378 1882 519 1928 mensura
550 1865 672 1926 cottidie
704 1872 858 1943 sumptum
914 1875 916 1877 ·
976 1900 978 1902 -

103 1955 229 2035 proluit.
269 1953 343 2016 utile
370 1961 417 2014 est
435 1953 580 2032 ¹pthisicis
607 1961 637 2014 et
668 1952 764 2031 longis
795 1951 856 2012 len·
885 1961 973 2026 nine.
1083 1997 1085 2002 .

104 2041 252 2124 gnoribus
265 2043 318 2122 qui
335 2049 477 2104 tenentur
495 2042 607 2102 morari
619 2043 652 2101 in
666 2038 791 2101 saltibus
805 2038 858 2102 uhi

57 2145 87 2185 1⁵
103 2135 159 2212 pix
173 2133 318 2212 nuscitur,
338 2125 450 2210 <plus>
470 2147 559 2209 quern
576 2132 607 2190 in
626 2131 701 2191 muri
718 2131 857 2208 navigare

105 2229 139 2282 et
166 2221 279 2282 marina
305 2219 370 2280 loco
397 2219 525 2282 visitare.
567 2220 668 2280 cancri
699 2217 857 2280 fluviatiles
884 2227 990 2290 euple.

181 2394 195 2442 1
215 2387 340 2444 omnium
359 2387 515 2458 specierum
528 2405 610 2460 perer
628 2404 772 2444 mensurus
789 2389 851 2443 iere
864 2377 1016 2456 diiigenter
1030 2385 1125 2442 Marc.

143 2465 161 2513 2
180 2476 215 2514 ex
231 2459 298 2514 rino
316 2459 335 2514 d
353 2461 400 2528 (ex
417 2458 483 2514 vino
503 2460 598 2515 velere
617 2458 735 2529 Marci:
763 2475 798 2513 ex
815 2473 871 2512 uno
909 2499 915 2512 .
998 2463 1014 2510 3
1032 2457 1121 2512 medi·

105 2528 231 2586 cumenii
248 2531 268 2584 d
286 2529 339 2597 (do
356 2531 413 2600 pr).
468 2535 486 2584 4
502 2548 530 2600 p.
548 2548 589 2585 u:
612 2529 642 2584 id
660 2531 705 2585 esi
721 2527 870 2584 dimidium
888 2474 1039 2582 gruchmee
1058 2529 1124 2582 add.

107 2601 201 2656 Mure.
257 2600 405 2670 ipoiioue
423 2601 455 2670 ol,
473 2600 612 2669 positione
632 2601 689 2669 (ced
706 2600 732 2654 ei
748 2615 783 2656 cc
801 2597 967 2666 correctura)
983 2613 1010 2666 p.
1052 2599 1126 2653 *8io

104 2673 163 2739 fine
179 2672 244 2739 (litt.
262 2670 328 2738 mci.
351 2673 380 2740 9)
403 2671 489 2726 Plinii
508 2671 630 2727 Secundi
651 2671 743 2726 Liber.
763 2671 784 2726 Ι.
808 2670 849 2724 De
872 2667 1013 2724 medicine
1031 2667 1123 2738 explic

105 2741 236 2798 feliciter,
277 2741 420 2812 Incipiuni
446 2748 508 2812 cup.
530 2741 657 2797 iibri.11.
679 2757 706 2811 p.
730 2743 735 2810 1
760 2739 885 2809 Explicit
911 2737 984 2794 liber
1029 2737 1124 2793 rimus.

105 2810 251 2882 incipiuni
268 2812 394 2882 capitulo
411 2811 479 2868 iibri
495 2813 530 2868 II.
549 2815 576 2870 d.
648 2813 690 2866 ru.
713 2811 757 2868 De
779 2809 909 2881 pthisicie
926 2827 958 2880 p,
981 2757 1029 2865 AX
1044 2808 1125 2864 thici-

106 2900 156 2966 coq
173 2883 200 2938 d.
272 2889 288 2938 9
306 2883 460 2954 pthisicum
477 2899 507 2954 p,
520 2884 701 2967 ,thisicnmfl
723 2883 797 2952 (item
819 2882 917 2950 infra).
990 2887 1025 2936 10
1043 2881 1125 2936 deco-

106 2969 319 3108 qiiiriii
334 2955 622 3108 luidefridi*
634 2953 806 3107 iiiiii
823 2955 963 3094 'iiiiii
981 2953 1126 3092 nuci

106 3096 247 3167 [sumptui
268 3095 298 3166 l]
321 3095 391 3152 duic
413 3095 520 3166 profuit
542 3098 576 3167 r).
642 3101 675 3150 15
694 3113 743 3166 prx
760 3096 780 3150 d
798 3095 843 3163 (ec.
862 3093 982 3164 piceue):
1000 3093 1083 3164 pinus
1100 3109 1125 3147 r.

107 3166 195 3238 ipius
212 3167 276 3222 cdd.
296 3183 331 3222 cc
349 3167 396 3222 Pl.
415 3165 523 3235 (utilius
541 3167 577 3238 b).
598 3168 602 3234 Ι
622 3165 786 3236 nuvigurid
803 3167 899 3234 (quum
912 3163 1126 3234 navigationem

104 3237 278 3308 Aegyptium
301 3238 348 3292 Pi.
371 3238 407 3306 ef.
428 3239 528 3308 3152).
602 3243 635 3292 16
657 3235 773 3292 ruituro
794 3236 849 3308 qd:
878 3235 967 3292 vitute
990 3234 1050 3289 rM
1075 3235 1128 3304 (cic

106 3308 202 3364 Marc.
212 3324 244 3377 p.
259 3313 324 3363 119:
344 3307 398 3375 Qui
416 3307 523 3378 phihisi
541 3307 709 3364 adficiuntur
725 3306 869 3364 maritime
886 3306 950 3363 loce
967 3305 1059 3361 vilare
1077 3305 1125 3360 de-

104 3379 177 3436 bent
194 3381 282 3449 utque
299 3379 360 3435 illic
377 3379 499 3436 maxime
516 3380 567 3436 ubi
588 3379 637 3462 pix
661 3377 808 3434 coniicitur
826 3377 1001 3434 commorari.
1029 3377 1063 3443 ef.
1082 3377 1127 3430 ed.

104 3450 187 3506 Rom,
206 3449 340 3505 'l'rndiinr
356 3450 427 3505 utile
445 3466 506 3506 esec
523 3448 639 3521 plyncis
659 3451 688 3505 el
709 3449 802 3520 longis
820 3448 1003 3520 languoribus
1020 3445 1127 3500 moturi

103 3521 136 3576 in
165 3521 285 3576 uultibus
311 3521 362 3577 nbi
388 3521 471 3591 pinus
488 3523 621 3577 nescitur.
653 3521 769 3590 Aqnose
786 3536 853 3576 vero
879 3521 909 3575 ei
930 3517 1039 3574 marina
1060 3515 1127 3571 locu

104 3591 212 3650 debent
229 3592 321 3648 vitari.
347 3596 351 3659 1
376 3591 503 3649 ΗυνὶαΙθε
521 3594 548 3648 cl.
