2620 4040
585 222 827 286 -170—

310 384 461 445 stomacho
484 381 687 445 laborantibus
706 384 790 444 cibus
809 383 919 444 utilior.
956 385 1063 444 transit
1086 385 1118 443 in
1143 385 1222 444 anti-

309 475 371 534 doti
394 477 489 534 vicem
508 476 533 535 si
552 492 619 534 cum
639 475 755 552 cymino
774 472 838 533 oleo
859 472 918 533 sale
937 473 1045 533 ieiunis
1063 473 1221 532 offeratur.

309 571 339 624 et
353 563 410 623 coli
429 563 562 623 dolorem
576 565 618 623 sic
634 570 772 642 acceptus
792 561 941 638 emendat,
962 561 1103 640 caligines
1117 561 1220 621 discu-

309 655 358 733 tit,
381 658 517 712 ventrem
539 651 646 712 leuiter
670 650 772 712 mollit.
808 650 890 710 radix
913 669 949 710 ex
967 653 1035 710 vino
1055 648 1123 709 alho
1148 652 1221 710 trita
1262 701 1265 706 .

310 749 340 802 at
357 744 389 802 in
406 743 528 820 potione
551 741 695 819 perducta
715 740 842 800 calculos
865 740 982 818 frangit.
1019 739 1124 798 eadem
1144 738 1245 799 lum-⁵

308 829 415 890 horum
435 829 553 889 dolores
568 837 597 890 et
611 847 718 889 renum
733 829 823 889 sedat.
852 828 989 888 medetur
1008 829 1097 887 etiam
1110 828 1220 888 vulvae

310 917 447 997 querelis.
484 925 568 978 aceto
592 917 722 978 discocta
746 925 776 978 at
798 919 926 996 inposita
950 924 1053 976 contra
1077 915 1220 996 elephan-

308 1010 407 1069 tiasim
425 1007 528 1068 efficax
548 1007 688 1067 creditur.
726 1007 829 1066 eadem
848 1008 926 1066 sicca
945 1013 1032 1066 tunsa
1052 1011 1081 1064 et
1104 1006 1137 1064 in
1151 1004 1220 1065 lana

309 1097 391 1158 danti
406 1096 518 1158 dolenti
531 1095 647 1156 admota
662 1097 725 1156 sine
747 1094 848 1154 dolore
864 1112 933 1155 eum
947 1093 1084 1154 detrahit.
1114 1111 1220 1154 semen

309 1185 464 1246 obolorum
487 1187 579 1247 trium
597 1187 662 1264 pari
684 1184 816 1264 pondere
836 1201 904 1243 cum
923 1185 1039 1262 cymino
1057 1184 1145 1260 potui
1168 1182 1256 1242 da-10

309 1283 374 1335 tum
396 1293 536 1335 venerem
560 1274 704 1354 stimulat,
728 1271 866 1334 sollicitat
889 1273 1013 1332 urinam.
1127 1263 1130 1268 ’

248 1471 263 1503 *
375 1475 517 1530 XXXII.
550 1476 599 1529 De
622 1473 818 1530 armoracia.

204 1582 296 1651 (Cf-P·
378 1592 475 1652 Calida
504 1599 550 1652 est
581 1595 761 1653 armoraciae
789 1593 897 1671 virtue,
930 1599 960 1652 et
989 1591 1055 1651 ideo
1089 1591 1120 1651 in
1149 1590 1217 1650 cibo

203 1659 424 1760 2⁰¹¹²fsumpta
462 1682 611 1759 copiosam
648 1680 774 1742 effundit
809 1682 934 1741 urinam.
985 1682 1089 1740 incitat
1125 1680 1215 1739 etiam

307 1769 668 1831 menstrualemiuarum.
706 1769 857 1831 stomacho
876 1769 957 1829 utilis
977 1777 1115 1829 anaceto
1140 1768 1215 1828 data.

306 1861 428 1939 pituitas
451 1857 613 1938 glutinosas
633 1877 701 1918 cum
719 1857 805 1918 melle
825 1865 941 1936 sumpta
961 1844 1102 1918 dissoluit.
1131 1857 1214 1916 radix
1228 1865 1251 1904 ¹⁵

233 2080 278 2146 (⁶f·
371 2091 500 2163 Asparagi
527 2091 555 2145 in
584 2089 644 2146 cibo
668 2088 769 2162 sumpti
800 2088 940 2145 stomacho
970 2096 1095 2162 prosunt.
1138 2087 1214 2143 calidi
1295 2119 1296 2182 p

201 2150 382 2229 Amdsunt.
415 2173 493 2229 ,radii
522 2175 549 2230 iu
579 2189 646 2246 aqua
670 2181 746 2230 cocta
768 2174 991 2230 vesicae—causas
1014 2187 1107 2228 omncs
1138 2183 1214 2227 curat

201 2222 482 2312 11,123).etcalculum
499 2259 609 2332 frangit.
640 2258 667 2312 in
683 2260 745 2314 vino
768 2266 844 2314 cocta
866 2257 940 2313 radia
962 2259 1021 2313 eius
1037 2257 1213 2330 quartanariis
1295 2217 1296 2310 l

308 2341 435 2415 prodest,
467 2341 590 2397 dentium
618 2342 727 2399 dolores
761 2342 834 2399 tollit
861 2350 889 2399 et
916 2344 1034 2415 agitatos
1060 2339 1212 2397 confirmat.

307 2442 401 2482 renum
425 2426 534 2483 dolores
556 2434 585 2483 et
607 2428 745 2484 urinarum
767 2426 958 2484 suffocationes
981 2434 1089 2500 purgat.
1121 2441 1211 2480 semen
1226 2433 1251 2472 2⁰

219 2553 221 2558 .
307 2527 402 2568 eorum
431 2513 524 2568 tritum
552 2529 612 2568 curn
636 2515 698 2568 vino
722 2511 795 2585 (pot.
820 2507 941 2585 cymino)
972 2518 1066 2585 potum
1089 2525 1212 2566 venerem

307 2597 436 2653 stimulat.

272 2865 287 2912 2
307 2858 410 2914 cimino
423 2875 469 2929 po.
486 2861 491 2927 Ι
507 2877 530 2915 c.
545 2859 654 2929 cymino
669 2860 728 2929 (sic)
747 2860 776 2914 et
790 2859 848 2913 sala
863 2859 885 2926 l,
904 2875 927 2912 c.
947 2845 1057 2912 cimdno
1072 2857 1101 2911 eh
1115 2855 1173 2911 sala
1186 2856 1210 2910 d.

236 2935 252 2982 3
272 2930 347 2984 choli
364 2947 410 2999 po.
465 2937 483 2984 4
502 2948 536 2985 ex
554 2950 579 2986 v.
594 2931 659 2984 albo
678 2933 746 3000 pota
765 2929 843 2998 (pota
861 2929 926 2984 albo
945 2929 973 2998 d)
993 2927 1114 2983 calculos
1133 2929 1164 2981 fr.
1180 2928 1212 2981 ld

201 2999 257 3065 (cel.
273 3002 311 3054 ad
323 3001 348 3054 h.
364 3002 380 3055 l.
396 3001 431 3068 of.
447 3001 534 3068 Pau,
552 3003 603 3056 obi
619 3002 763 3056 uzaledt'st.
778 3000 936 3070 Detlefsen).
982 3005 999 3054 5
1035 2999 1149 3054 erducta
1161 3014 1210 3067 pu:

201 3070 270 3126 data
286 3072 330 3126 rb.
386 3079 403 3126 6
422 3072 530 3128 dolores
548 3074 639 3142 pald:
663 3089 733 3128 -rem
751 3089 767 3126 r
785 3073 838 3140 (aa
856 3071 891 3139 b).
908 3073 913 3140 Ι
930 3018 1051 3140 querelis
1070 3069 1153 3124 vulva
1171 3070 1209 3124 ld.

236 3141 395 3216 'ldiscoalp
417 3142 549 3212 imposita
571 3160 589 3213 p
611 3141 898 3212 (discoctaeimposica
915 3144 951 3207 a).
972 3144 977 3210 1
1002 3141 1139 3196 discocta:
1165 3139 1210 3196 de-

200 3215 282 3267 cocta
297 3213 342 3269 Pl.
360 3216 363 3282 1
381 3213 631 3284 aleph(l)anciasim
644 3231 682 3284 po
692 3214 763 3284 (rhlz
779 3214 834 3268 oin
848 3214 889 3267 ld.
927 3219 943 3268 8
958 3211 1080 3267 creditur
1089 3228 1156 3266 esse.
1170 3212 1209 3268 ld.

236 3291 253 3339 9
272 3284 379 3340 dolenti
396 3285 434 3339 rb
452 3286 497 3354 (cf.
517 3286 579 3354 Dp:
598 3285 719 3340 dolentis
738 3300 791 3354 po,
809 3283 914 3339 doloris
933 3285 974 3340 ld.
1013 3289 1047 3338 10
1064 3282 1127 3351 pari
1143 3298 1210 3352 poa-

201 3354 266 3410 dara
284 3372 335 3414 om.
353 3372 371 3426 9
390 3357 457 3425 (uon
474 3357 548 3425 old).
565 3359 569 3425 1
587 3373 649 3411 cum
668 3355 773 3426 cymini
791 3355 854 3425 pari
871 3355 995 3424 pondera
1012 3355 1049 3408 rb
1068 3355 1114 3422 (os.
1131 3354 1210 3409 Pte

200 3441 287 3494 supra
308 3445 340 3496 p.
362 3429 475 3496 latua).
531 3433 564 3481 11
589 3427 698 3481 urinam
722 3426 858 3482 sollicitat
879 3427 924 3481 rb.
974 3427 1016 3479 tlt.
1036 3426 1105 3494 (etc.)
1123 3441 1209 3479 armo·

200 3495 277 3620 raclii.
294 3515 352 3621 Ἦ
364 3499 419 3553 -tia
437 3499 545 3638 wa
594 3503 638 3622 ᾖ
647 3501 676 3552 et
693 3497 758 3621 {¹⁰⁰
779 3513 830 3622 eleba.
849 3499 875 3552 ol.
924 3503 957 3551 13
978 3496 1064 3552 etiam
1081 3511 1131 3550 om.
1150 3496 1175 3550 d.

290 3586 308 3621 u
343 3585 510 3638 rsexpor
549 3585 592 3622 :u
640 3584 701 3622 aea
733 3584 826 3623 ex.
