2610 4040
603 251 822 314 ...24-

340 423 445 488 25,175.
475 431 591 493 cypero.
637 412 782 473 dracontii
810 427 912 488 semen
940 429 1008 474 cum
1035 409 1122 473 melle
1155 417 1224 493 pari
1288 431 1289 494 l

474 502 606 581 pondere
638 501 760 562 naribus
796 501 917 562 inditur.
976 501 1033 562 boc
1070 503 1159 562 etiam
1197 505 1224 562 si

359 602 446 664 30,31.
476 593 673 651 carcinomata
696 591 755 650 sint
774 589 919 650 emendat.
951 589 1060 650 dicitur
1078 589 1223 669 prodesse

477 681 528 756 qui
550 678 606 738 boo
630 678 706 738 malo
729 677 884 739 vexabitur
902 687 936 739 ut
957 678 1110 739 osculetur
1133 696 1225 739 nares
1289 717 1290 722 κ

476 766 631 827 mrdarum.
1239 778 1253 818 5

508 1009 511 1013 .
542 931 601 988 XI.
624 930 861 988 Destilletioni.

240 1051 341 1122 (3165)
360 1065 411 1106 ora.
426 1066 449 1106 r.
545 1049 625 1110 Cinis
649 1058 793 1111 testarum
816 1058 984 1110 ostrearum
1007 1051 1037 1109 in
1057 1047 1123 1109 cibo
1145 1068 1224 1128 pane

362 1147 448 1209 20‚49.
478 1138 626 1218 colligitur
657 1141 688 1198 in
717 1138 837 1199 modum
869 1138 946 1198 salis.
982 1139 1071 1216 ¹porri
1104 1139 1225 1216 capitati

275 1234 289 1263 ¹·
307 1250 357 1290 om.
372 1252 395 1291 r.
477 1226 545 1288 lolia
578 1228 669 1288 cruda
702 1228 765 1287 sine
796 1244 872 1305 pane
906 1226 1042 1286 eduntur.
1084 1228 1225 1287 caninum
1255 1245 1260 1253 ·

232 1305 337 1374 (Mart
352 1322 383 1374 P·
402 1307 448 1375 8⁷)
479 1319 639 1395 corrigium
657 1333 819 1394 numquam
838 1323 961 1379 unctum
985 1313 1107 1375 cuilibet
1130 1315 1224 1393 digito

362 1420 448 1483 aaut.
477 1407 508 1464 in
536 1422 625 1464 manu
654 1404 883 1482 circumligatur.
925 1411 1041 1464 ostreae
1074 1421 1142 1463 cum
1170 1422 1225 1464 sua
1240 1417 1264 1456 10

477 1501 555 1553 testa
577 1493 617 1552 ita
642 1500 675 1552 ut
699 1491 809 1552 electae
834 1500 904 1551 sunt
925 1494 956 1551 in
976 1490 1155 1552 carbonibus
1174 1511 1224 1552 co·

236 1586 366 1656 *(Μανο.
382 1587 400 1641 l.
414 1587 449 1655 c.)
479 1587 612 1659 quantur
632 1587 662 1639 et
682 1582 713 1639 in
733 1578 798 1640 cibo
821 1580 936 1640 dantur.
974 1579 1072 1640 oleum
1097 1579 1227 1641 calidum

477 1671 561 1729 eunti
601 1668 762 1729 dormitum
798 1670 828 1728 in
861 1666 1018 1728 cerebrum
1056 1667 1226 1729 infunditur

371 1771 449 1834 duaa
478 1760 562 1818 etin
586 1775 673 1818 nares
692 1760 826 1820 coicitur.
862 1758 894 1815 in
913 1774 1001 1816 manu
1020 1756 1141 1817 dextera
1165 1757 1225 1816 duo

353 1843 449 1911 (mr)
478 1847 562 1926 digiti
588 1846 678 1906 medii
705 1846 765 1906 lino
794 1845 902 1923 alligati
929 1847 1008 1905 inter
1036 1863 1067 1904 se
1096 1843 1264 1905 destilla-15

478 1937 590 1997 tionem
614 1942 814 2012 compescunt.

545 2116 622 2172 ΧΠ.
647 2115 722 2171 Oris
743 2115 846 2171 vitiis.

363 2248 451 2311 3037.
547 2233 616 2294 Oris
631 2252 767 2311 saporem
781 2236 982 2297 commendari
1000 2235 1147 2296 affirmant
1160 2254 1224 2296 mu·

426 2322 434 2332 ”
477 2325 543 2383 rino
568 2323 668 2382 cinere
692 2341 761 2382 cum
784 2323 869 2383 mede
894 2326 919 2383 si
942 2324 1087 2385 fricentur
1111 2324 1224 2385 dentes.

263 2416 301 2471 sb.
366 2423 452 2486 aeut,
481 2411 645 2471 admiscent
681 2411 800 2488 quidam
836 2414 942 2471 marati
976 2412 1100 2472 radices.
1145 2411 1224 2472 Nero

283 2605 298 2652 1
319 2598 463 2654 dracontei
480 2616 510 2669 y,
534 2598 724 2667 dragonteed
748 2600 887 2664 (conteae
905 2616 929 2666 r,
954 2600 1067 2668 Marc).
1140 2605 1157 2652 4
1176 2599 1226 2668 qui

210 2672 284 2740 ydrz
303 2669 331 2724 ei
348 2669 397 2737 qui
415 2671 440 2724 b.
465 2671 471 2739 Ι
494 2669 523 2722 in
543 2668 596 2723 hoc
615 2670 641 2722 d.
705 2669 887 2725 5mularum.
915 2668 984 2723 elibi
997 2669 1145 2723 mulierum
1164 2670 1224 2738 (etc)

211 2740 329 2812 ἀραιαί
346 2756 380 2794 cac
397 2741 480 2795 varic
497 2741 609 2794 tectiom
627 2739 767 2808 adscripto
786 2741 820 2806 cf.
841 2739 934 2794 Marc.
948 2757 979 2809 p.
999 2746 1044 2796 86:
1074 2738 1126 2794 Cui
1144 2756 1225 2794 nares

122 2837 128 2846 ·
210 2809 357 2865 foetebant
378 2809 578 2866 remediabitdr
600 2809 623 2864 si
641 2826 721 2864 nares
741 2809 810 2864 muli
834 2810 982 2866 osculetur.
1016 2809 1145 2865 similiter
1162 2827 1226 2880 pro·

211 2881 285 2936 derit
308 2879 419 2934 mulieri
444 2879 469 2934 si
494 2897 575 2934 nares
604 2881 697 2934 mulae
724 2879 877 2935 besiaverit
904 2883 995 2949 (nares
1018 2880 1139 2935 mulinas
1166 2881 1227 2936 sine

211 2952 370 3007 discrimine
389 2950 486 3019 Pau).
540 2952 582 3005 tit.
600 2949 641 3004 Da
660 2949 844 3006 distillatione
862 2968 892 3021 9,
911 2951 956 3005 Ad
975 2950 1188 3006 distillationem
1198 2953 1226 3019 d,

212 3022 257 3078 Ad
286 3020 470 3076 stillationem
494 3021 602 3075 narium
625 3038 659 3074 ex
681 3022 799 3076 humore
818 3039 841 3078 r.
915 3024 1106 3078 dostreorum
1127 3039 1153 3092 9.

212 3098 229 3147 8
249 3091 350 3147 caninii
369 3091 640 3162 corrigit...uncts1
657 3108 687 3161 9:
712 3092 813 3147 canina
836 3093 956 3176 corrigia
967 3137 972 3148 .
984 3094 1105 3148 ..uncte
1122 3093 1170 3147 db.
1190 3093 1226 3159 cs.

212 3164 306 3219 Marc.
326 3162 446 3233 corrigio
469 3163 567 3218 canino
590 3160 653 3216 rudi
671 3179 723 3217 nec
746 3180 868 3234 unquam
890 3165 986 3219 vincto
1010 3162 1131 3232 quilibet
1154 3162 1227 3232 digi-

211 3233 424 3304 tus...ligatus
452 3234 495 3303 (dc
513 3251 573 3288 cau.
597 3235 719 3303 corrigia
742 3236 776 3301 cf.
797 3235 874 3289 Plio.
894 3236 993 3304 30‚35.)
1067 3240 1098 3288 11
1119 3233 1228 3288 eiectae

211 3305 282 3358 rom.
308 3307 312 3372 l
342 3304 398 3358 sint
419 3320 445 3373 9.
519 3311 553 3359 14
577 3303 714 3359 conicitur
736 3307 755 3360 d
780 3305 826 3373 (b).
908 3306 950 3360 tit.
969 3305 1011 3358 De
1030 3305 1086 3360 oris
1103 3302 1181 3359 vitiis
1199 3321 1226 3373 9,

211 3375 256 3429 Ad
276 3374 330 3429 oris
349 3374 453 3430 vicium
471 3376 497 3430 d.
572 3380 603 3428 1⁷
624 3375 768 3430 emendari
791 3377 850 3430 drb
875 3375 979 3444 (Marc.
998 3377 1057 3445 88):
1086 3391 1227 3429 commen-

212 3444 273 3500 dari
290 3463 309 3516 9
327 3446 404 3515 (Pu).
461 3452 493 3500 19
512 3443 614 3501 mereti
627 3447 664 3500 rb
683 3447 728 3515 (cf.
750 3445 804 3513 Pt,
822 3446 939 3501 meretri
955 3446 1051 3500 Torta.
1069 3447 1101 3500 iu
1113 3447 1228 3514 merul:

211 3516 308 3572 mariti
325 3534 356 3587 9,
384 3516 518 3572 tamarice
536 3513 633 3571 mariti
660 3518 720 3584 (sic)
744 3518 770 3571 d.
796 3521 800 3583 Ι
825 3517 940 3585 Nerod)
959 3517 1054 3587 ydrb:
1082 3532 1159 3571 mero
1180 3516 1228 3572 Pl.

214 3589 297 3659 (quod
314 3589 383 3660 quin
400 3589 562 3645 restituatur
579 3588 693 3656 impedit
710 3587 832 3658 frigide).
