2620 4040
462 228 704 292 *189-

71 410 142 454 cum
166 391 231 451 oleo
256 398 286 452 et
301 397 394 451 'aceto
417 393 507 453 tritus
530 391 680 474 inlinitur,
704 394 837 471 quamvis
861 393 980 471 quidam
1027 397 1042 431 *

71 499 143 541 cum
167 479 229 540 solo
256 497 379 541 rosaceo
407 488 505 542 terere
533 479 701 541 maluerint.
743 483 871 560 gummis
899 487 982 560 gutta
1027 486 1042 520 *

71 587 163 649 quam
185 570 295 648 persici
317 577 444 630 truncus
466 567 644 649 inlacrimat,
667 568 772 630 llrrenti
794 568 859 629 alvo
882 569 980 630 mede·

70 667 132 719 tur.
169 656 273 718 eadem
295 659 386 719 mixta
404 676 473 720 curn
490 659 559 718 vino
582 660 671 719 etiam
693 660 725 718 in
747 659 844 718 vesica
866 657 995 737 lapillos·

40 748 196 827 arrangit,
219 749 289 806 trita
312 764 349 807 cx
371 755 456 809 aceto
478 748 666 826 impetigines
688 748 839 828 reprimit,·
860 745 982 808 decocta

71 853 145 896 cum
167 853 256 895 croco
279 843 412 898 tumores
439 837 570 897 faucium
592 837 719 916 mitigat,
746 853 882 914 asperam
904 843 981 896 arte-

71 925 136 984 riae
160 923 291 984 caualem
313 923 454 985 leviorem
475 925 558 1004 facit,
581 923 790 985 excreantibus
809 925 983 1002 sanguinem

71 1015 151 1072 miro
165 1011 253 1072 modo
268 1011 419 1094 subvenit,
437 1012 568 1074 thoracis
585 1011 747 1074 obstrictos
761 1014 845 1074 sinus
859 1020 983 1093 reserat,

71 1103 146 1162 vitia
167 1100 316 1180 pulmonis
339 1109 491 1181 expurgat.

144 1302 245 1358 XLV.
276 1304 327 1359 De
349 1301 458 1359 clario.
1030 1299 1045 1332 *

33 1435 58 1473 10
142 1420 207 1482 Non
227 1439 286 1482 una
305 1420 467 1500 eademque
486 1423 581 1481 virtus
600 1421 630 1480 in
650 1417 789 1481 omnibus
808 1421 887 1480 eitrii
905 1411 1090 1499 par-(Gallle

73 1509 157 1570 tibus
181 1512 360 1571 continetur.
397 1528 466 1570 nam
489 1510 595 1570 semini
614 1507 727 1569 acidam
746 1516 923 1588 potestatem
942 1527 976 1570 ac
985 1484 1090 1621 ἄψιν),

1001 1627 1073 1693 ors.)

140 1793 309 1850 Persicorum
333 1791 408 1850 cibus
424 1801 467 1850 est
489 1792 597 1865 quidem
619 1790 760 1850 stomacho
783 1792 886 1848 inutilis
909 1791 983 1866 qnod
1002 1767 1058 1862 (os)

74 1880 131 1934 cito
158 1894 242 1934 sucus
269 1894 366 1934 eorum
393 1884 512 1946 acescat,
541 1885 569 1934 et
596 1893 658 1932 caro
687 1876 744 1932 eius
772 1875 982 1951 indigestionem

35 1973 59 2014 15
75 1963 147 2019 lacit.
185 1971 275 2020 tamen
297 1971 361 2036 post
383 1961 472 2018 cibum
494 1963 517 2017 si
532 1960 630 2017 dantur
654 1959 757 2016 utilitas
772 1968 823 2017 est.
853 1976 983 2017 necnon
1066 1967 1069 1974 '

74 2055 103 2103 et
125 2047 197 2104 cocti
218 2048 245 2102 in
267 2048 326 2102 iure
340 2048 363 2104 si
382 2062 445 2104 cum
466 2045 543 2120 pullo
566 2044 715 2118 gallinaceo
731 2052 981 2118 sumuntur„uau·

73 2133 143 2187 siam
158 2132 309 2206 stringunt.
345 2130 410 2188 folia
425 2146 520 2188 corum
543 2131 605 2187 trita
627 2147 687 2188 cum
704 2129 778 2187 calda
800 2137 864 2204 pota
886 2138 983 2204 contra

73 2215 222 2272 lumbricos
244 2217 386 2272 viscerum.
423 2215 547 2272 similiter
573 2211 639 2272 lolia
667 2216 730 2272 trita
751 2213 878 2272 umbilico
905 2216 984 2288 inpo-

75 2309 190 2357 nuntur.
226 2299 323 2357 nucleo
351 2303 520 2374 persicorum
542 2317 604 2357 cum
626 2310 703 2357 aceto
726 2308 754 2356 ct
780 2298 841 2355 oleo
865 2297 983 2356 frontem

38 2403 62 2442 ro
76 2384 171 2443 linito:
206 2386 300 2459 capitis
327 2383 450 2440 dolorem
478 2384 559 2442 tollit.
602 2386 704 2459 gummi
733 2401 827 2442 eorum
849 2385 876 2440 in
899 2398 984 2458 posca

37 2519 39 2525 .
75 2469 258 2544 soluto.pota
281 2469 440 2544 sangumem
467 2470 620 2527 reicientes.
656 2485 751 2526 sucum
774 2468 902 2524 loliorum
924 2468 982 2523 eius

75 2571 139 2612 cum
162 2562 238 2610 aceio
261 2553 293 2610 ad
315 2569 420 2611 vermes
435 2555 539 2610 aurium
561 2553 706 2610 instillato:
730 2561 757 2610 ot
774 2551 883 2608 vulnera
906 2559 984 2608 curat

77 2647 105 2694 et
129 2655 233 2695 vermes
256 2646 345 2695 necat.
934 2687 947 2706 ,Δ

140 2725 297 2781 Armeniaca
317 2724 401 2782 calida
422 2734 449 2781 et
471 2726 602 2798 styptica,
625 2723 765 2780 stomacho
781 2721 855 2778 valde
870 2720 979 2776 utiliora
999 2716 1057 2784 (ib)

41 2811 107 2866 asin
129 2809 190 2866 cibo
213 2817 330 2883 sumpta.
434 2877 437 2892 Ι
603 2811 606 2816 ’

153 3090 168 3137 1
188 3085 218 3138 eb
235 3085 316 3139 aceto
329 3085 418 3153 pald:
437 3099 488 3138 om.
506 3084 551 3138 rb.
569 3085 573 3152 Ι
589 3080 716 3152 quemvis
731 3098 795 3136 cum
809 3097 830 3136 s.
843 3099 865 3136 r.
885 3079 1001 3150 quidem
1013 3081 1034 3135 i.
1048 3081 1095 3137 rb.

117 3161 133 3210 2
158 3154 284 3210 cummis
306 3154 396 3224 pald:
425 3153 539 3210 Gummi
564 3155 610 3208 rb.
673 3152 803 3208 lmixie
823 3153 914 3221 pald:
941 3167 991 3208 orn
1015 3153 1061 3208 rb.

81 3233 98 3281 5
116 3225 298 3297 impetigines
315 3241 363 3296 pc.
417 3228 575 3282 enumeres
593 3225 681 3295 pald:
706 3241 777 3280 nem
795 3225 840 3279 rb.
861 3226 866 3293 1
886 3229 952 3294 post
972 3225 1097 3279 tumores

83 3299 156 3353 deest
172 3298 271 3365 folium
288 3313 377 3352 mum
393 3298 456 3352 ino
475 3297 570 3366 (usqae
587 3297 718 3362 ed192,4
734 3298 738 3364 i
754 3295 848 3351 liendo
867 3294 1097 3361 accommodate).

86 3369 89 3440 Ι
105 3368 227 3425 arteriae
245 3384 373 3440 ceperam
392 3384 416 3426 c.
433 3368 478 3423 rb.
534 3371 550 3422 8
569 3366 720 3422 obstrictus
738 3367 783 3422 rb.
838 3372 854 3420 9
874 3368 977 3436 purgat
994 3365 1035 3420 id.
1059 3381 1098 3420 ae·

83 3445 208 3510 quantae
234 3441 267 3494 in
293 3441 312 3495 d
338 3441 472 3510 quaedem
499 3455 533 3494 ec
558 3439 642 3492 initio
658 3453 728 3507 vcap.
752 3443 887 3507 eccepto.
958 3437 1000 3490 tit.
1028 3437 1097 3504 (ete.)

83 3510 285 3638 ⁰1ffl0lilbl²
313 3512 443 3582 oyireob
467 3510 548 3580 (citro
565 3511 604 3580 d).
681 3515 715 3564 10
734 3509 798 3564 Non
820 3523 888 3564 nna:
916 3505 1038 3562 Nomina
1057 3507 1095 3579 ll

84 3582 149 3638 citri
177 3625 184 3638 .
588 3581 590 3585 ’
