2610 4040
573 234 792 302 -42-

327 409 414 473 30‚86.
443 417 479 459 ex
501 402 567 461 iure
590 401 622 460 in
646 397 711 459 cibo
731 400 841 479 sumpti
863 399 972 459 iciunis
995 397 1112 469 dantur,
1150 399 1193 460 la-

443 495 524 548 certa
543 488 646 548 viridis
665 488 786 562 decocta
803 489 834 547 in
858 488 918 547 vini
937 488 1074 547 sextariis
1092 487 1194 550 trihus

442 576 479 636 ad
493 576 632 656 cyathum
645 595 752 657 unum,
770 575 894 655 singulis
913 574 1099 646 coclearibus
1112 577 1193 655 pthi-

443 667 504 725 sico
523 665 599 727 datis
617 664 722 748 diebus
740 665 865 744 singulis
884 663 978 724 donec
997 664 1195 726 convalescat.

340 755 380 810 ch.
442 754 619 832 propinatur
633 748 804 814 'coclearum
824 754 899 814 cinis
919 770 955 812 ex
973 755 1041 813 vino
1059 762 1194 817 austero.
1209 768 1222 808 5

310 851 415 914 nanto.
444 842 506 901 suis
529 841 656 902 leminae
679 841 772 902 herha
794 849 895 921 pastae
919 841 1045 903 laridum
1067 845 1100 903 iu
1123 841 1194 903 cibo

235 931 273 985 ih.
310 937 416 1000 natal.
443 929 540 992 datur.
568 924 673 990 carnes
691 931 789 990 asinae
809 949 846 992 ex
865 932 931 990 iure
951 938 1095 1010 sumptae.
1127 932 1194 992 suis

284 1041 289 1044 ·
356 1023 371 1056 *
444 1017 506 1078 fimi
533 1019 609 1079 cinis
631 1036 668 1078 ex
691 1036 778 1098 passo
805 1020 989 1098 propinatur.
1026 1018 1120 1099 adipis
1143 1037 1193 1079 re·

445 1108 540 1167 centis
566 1106 666 1186 pondo
694 1106 844 1185 quadrans
867 1107 1045 1186 decoquitur
1071 1109 1104 1167 in
1130 1109 1196 1168 vini

445 1193 558 1273 cyathis
581 1194 692 1277 trihus,
715 1195 833 1256 additur
855 1213 892 1255 eo
911 1195 969 1256 mel
992 1197 1137 1274 optimum
1160 1205 1236 1257 ct1⁰
1297 1211 1298 1270 l

444 1281 546 1361 pilulis
568 1284 701 1362 glutitur.
1297 1279 1298 1284 ’

510 1483 556 1538 11.
579 1484 732 1550 syntaxi.

513 1599 650 1680 Syntexis
673 1619 791 1681 quoque
810 1620 865 1662 neo
884 1601 1018 1682 periculo
1036 1619 1092 1662 nec
1115 1602 1192 1673 facie

444 1687 537 1767 pthisi
560 1688 925 1752 d1ssimilismorhusest.
958 1693 1007 1751 cui
1030 1692 1073 1750 sic
1091 1690 1192 1751 mede-

312 1787 418 1851 aulae.
445 1784 504 1838 tur.
541 1777 630 1838 alicae
659 1778 756 1858 cyathi
778 1786 841 1839 tres
869 1781 899 1840 in
922 1781 1002 1859 passi
1029 1781 1194 1840 sextarium

329 1889 330 1894 ¹
446 1883 538 1946 aquae
557 1869 704 1947 congium·
715 1869 946 1928 commiscentur
964 1875 994 1928 et
1012 1869 1124 1928 sensim
1142 1881 1235 1928 co-15

446 1963 580 2034 quuntur
590 1957 684 2016 donec
695 1973 771 2036 aqua
781 1963 982 2038 consumatur,
995 1963 1067 2017 tuno
1078 1955 1192 2016 suffun-

445 2042 526 2103 ditur
544 2043 629 2104 lactis
648 2044 727 2106 ovilli
746 2047 893 2108 sextarius
912 2052 963 2105 aut
981 2046 1108 2125 caprini,
1132 2063 1193 2124 quo

446 2128 663 2193 subfervefacto
681 2134 715 2194 fit
736 2151 831 2214 genus
849 2133 1034 2213 sorbitionis,
1057 2151 1116 2212 qua
1136 2151 1194 2212 per

446 2235 478 2277 se
496 2220 601 2296 primis
620 2220 725 2282 diebus
744 2223 906 2283 curationis
924 2229 1065 2304 utuntur,
1086 2238 1192 2300 procc-

358 2309 374 2343 *
445 2304 584 2368 dentibus
599 2307 703 2370 debus
718 2318 748 2370 et
762 2309 820 2369 mel
834 2309 972 2370 adiciunt.
1001 2309 1194 2371 utilissimum
1208 2325 1237 2365 20
1298 2343 1299 2416 p

445 2401 551 2472 putant
575 2414 627 2457 eos
650 2399 681 2458 in
704 2414 779 2477 aqua
802 2399 914 2457 marina
937 2397 1035 2458 lavari.
1298 2433 1299 2494 3

1298 2523 1299 2566 t

517 2595 581 2652 m.
603 2596 809 2653 nontamen.

330 2721 418 2785 aaut.
514 2711 629 2774 Vermis
652 2722 791 2776 terrenus
814 2716 954 2778 effoditur
977 2724 1008 2778 et
1029 2717 1194 2796 imponitur

444 2801 476 2859 in
499 2802 631 2863 catillum
653 2802 784 2882 ligneum
807 2805 910 2865 lissum
929 2805 1009 2866 lerro
1033 2803 1193 2885 alligatum,

201 3075 207 3086 υ
250 3008 267 3057 3
282 3002 404 3072 pthisico
417 3005 495 3073 9(b):
506 3004 623 3086 'ihisicia
636 3009 662 3063 d.
714 3015 731 3064 4
746 3009 832 3065 datis:
851 3011 891 3066 sic
903 3012 953 3081 μά.
975 3016 979 3080 1
1000 3009 1193 3067 convalescat:

175 3088 221 3128 ete
237 3073 287 3143 σᾶ.
346 3079 376 3157 ,ὅ
396 3075 599 3147 coclemump
622 3080 707 3148 (rum
730 3081 766 3150 d).
840 3082 979 3137 dherhne
997 3087 1061 3137 ante
1078 3097 1148 3138 cota.
1165 3099 1191 3152 9.

183 3143 282 3226 lppstp
300 3144 422 3200 luridum
439 3162 471 3217 p:
494 3163 558 3202 cnm
576 3150 613 3219 (e)
631 3151 712 3219 parte
730 3151 804 3207 lardi
821 3152 847 3206 d.
899 3153 1025 3208 eminae
1038 3169 1068 3222 9:
1086 3150 1194 3208 ssinid

178 3218 315 3281 <maninus
330 3216 396 3284 Pu).
416 3219 421 3286 Ι
441 3222 559 3287 prosunt
572 3221 636 3275 cdd.
650 3238 681 3275 r:
724 3227 740 3276 9
754 3223 848 3291 pondo
867 3224 1008 3293 quadrans
1021 3224 1075 3293 pd:
1092 3221 1193 3279 undae

174 3287 236 3341 tres
254 3302 297 3369 r..
345 3288 386 3370 tit.
406 3286 528 3344 Sintexis
545 3292 686 3360 percussio
706 3292 752 3360 (ef.
770 3295 829 3348 ind.
848 3296 919 3365 cap.)
937 3311 967 3365 p,
985 3295 1027 3349 De
1046 3292 1147 3349 sintexi
1164 3295 1191 3349 d.

208 3362 248 3438 ,12
268 3355 389 3413 Sintons
406 3359 434 3414 d.
502 3366 535 3415 13
555 3361 600 3417 cui
618 3362 745 3418 medetur
762 3364 803 3418 sie
821 3365 848 3422 d.
917 3372 951 3421 14
969 3364 1092 3421 alienor
1110 3365 1192 3434 (Pl.):

178 3425 305 3484 Hdlacae
322 3445 354 3500 p,
371 3429 507 3500 Hyllucee
525 3433 551 3489 d.
635 3438 668 3487 15
688 3436 717 3489 et
735 3451 824 3503 aquae
843 3435 971 3492 sexiaffls
992 3455 1030 3491 π.
1053 3452 1076 3490 r.
1106 3437 1111 3501 Ι
1140 3436 1192 3491 mi·

179 3501 292 3554 secatur
308 3501 335 3557 d.
361 3502 366 3569 Ι
391 3500 494 3556 sensim
511 3518 563 3558 om.
581 3504 608 3558 d.
672 3509 706 3559 ta
725 3509 934 3563 consummatur
951 3509 978 3564 d.
1045 3512 1081 3562 20
1099 3505 1192 3562 utini-

176 3583 256 3622 mum
270 3585 294 3639 9.
332 3577 366 3626 21
380 3573 497 3641 putatur
505 3574 532 3630 d.
569 3576 611 3629 cu.
626 3573 754 3630 Sciatieis
762 3593 788 3646 q,
798 3576 840 3633 De
853 3577 949 3634 sciatis
963 3579 982 3634 d
990 3576 1078 3649 (aion
1086 3577 1191 3648 dudd).
