2610 4040
523 242 742 304 *13*

125 428 161 469 ex
184 409 252 467 rino
277 407 395 468 etoleo
418 409 542 487 cyprino
562 415 592 468 et
616 407 715 468 cedria
738 410 873 487 pruritus

125 497 313 575 scabiemque
334 497 450 558 tollunt.
488 498 655 576 porrigines
670 497 873 558 discutiuntur
901 510 1004 571 tutti

124 585 191 646 selle
214 585 302 656 ovillo
329 585 413 646 inlito
437 603 506 646 cum
534 592 615 646 creta
638 585 753 645 cimolia
777 586 872 646 donec

124 678 279 735 inarescat.
303 674 419 734 'lendes
443 682 472 735 et
500 674 554 734 alia
583 677 687 753 capitis
711 682 788 736 tetra
811 677 872 735 ani·
900 687 987 749 arpo.

94 763 210 822 tmolie
238 781 313 842 qrrae
341 771 450 823 nocent
481 763 592 824 lotione
621 781 713 842 aquae
741 766 871 824 marinae

124 860 278 913 necantur.
314 855 387 912 item
401 854 426 912 si
444 852 586 912 inlinatur
600 855 691 912 samia
709 861 790 912 terra
804 870 872 912 cum
900 865 1004 925 31,117.

124 943 204 1000 nitro
228 949 258 1001 et
281 941 354 1018 oleo.
391 943 503 1001 nitrum
532 940 654 1002 alumini
677 943 801 1001 mixtum
825 959 871 1000 oe·
900 953 1005 1015 aluit.

123 1032 179 1108 piti
201 1029 355 1090 inirictum
378 1032 545 1108 porrigines
569 1029 653 1090 tollit.

191 1231 253 1286 ΠΙ.
276 1230 458 1286 Ulceribus
480 1230 517 1284 in
539 1231 651 1298 capite
674 1229 904 1286 manentibus.

191 1347 295 1408 Ulcera
333 1351 364 1408 in
401 1351 496 1428 capite
533 1351 681 1409 manantia
722 1356 871 1427 tamqrram

83 1453 109 1490 ro
123 1439 245 1516 proprio
264 1437 368 1498 morbo
390 1440 549 1518 praecipue
564 1437 727 1498 infantibus
745 1455 870 1498 nascun-

123 1536 187 1606 tur,
211 1526 262 1586 secl
287 1535 317 1586 et
336 1529 414 1586 viros
434 1535 464 1586 et
482 1526 623 1587 mulieres
645 1544 713 1597 eum
737 1527 872 1605 ceperint

123 1613 252 1692 graviter
284 1616 433 1676 infestant.
480 1619 555 1693 quae
588 1616 647 1675 iota
677 1617 761 1675 irrina
793 1617 871 1674 tauri
899 1627 1003 1689 tulos.

123 1704 326 1763 efficacissime
358 1711 507 1764 sanantur.
552 1704 674 1764 vitulino
705 1703 771 1763 ielle
803 1721 871 1763 cum
933 1706 970 1760 ib.

123 1800 208 1852 aceto
246 1793 393 1871 tepefacto
431 1791 607 1853 inlinuntur.
652 1811 755 1852 sevum
786 1791 872 1851 rituli
899 1803 1003 1865 28‚165.

83 1894 108 1933 15
124 1899 193 1940 cum
208 1881 267 1941 sale
282 1881 471 1941 utilissimum
482 1889 536 1942 est.
568 1888 713 1941 testarum
723 1883 872 1940 muricum
899 1891 985 1955 3268.

123 1987 360 2049 purpurarumvo
389 1972 489 2030 cinere
519 1989 554 2030 ex
582 1969 668 2030 melle
695 1969 871 2029 inlinuntur.
1098 1962 1100 1966 ’

123 2058 214 2117 alium
242 2077 309 2118 cum
338 2077 391 2118 sua
413 2066 492 2119 reste
522 2058 708 2118 comburitur
735 2059 871 2136 cinisque
900 2068 985 2130 20,51.

123 2149 190 2206 eius
223 2165 258 2206 ex
292 2147 356 2206 oleo
389 2149 561 2226 imponitur.
608 2154 706 2207 menta
738 2148 810 2207 trite
841 2153 872 2205 et
899 2157 1007 2218 topos:

122 2238 258 2315 opposita
286 2238 385 2296 siccat.
429 2235 528 2296 oleum
557 2235 772 2315 amygdalinum
804 2253 872 2295 cum
899 2245 986 2308 taso.

79 2340 107 2378 ro
123 2327 193 2384 vino
211 2333 363 2403 expurgat.
401 2324 556 2403 galbanum
576 2325 712 2385 inlinitur
726 2343 761 2384 ox
777 2323 871 2383 melle.
899 2334 986 2397 2431.

123 2411 192 2472 lolia
216 2413 293 2495 rubi.
312 2415 340 2472 in
367 2431 425 2491 qtro
448 2432 529 2473 mora
558 2420 721 2474 naseuntur
745 2415 872 2472 contrita
899 2423 1003 2485 24‚118.

198 2601 296 2656 trino
320 2603 350 2655 et
372 2618 422 2656 om.
441 2603 468 2656 d,
499 2605 502 2667 l
537 2600 631 2656 cedris
658 2601 738 2671 (rM,
764 2601 833 2668 Pl.):
865 2599 948 2654 cedro
966 2601 1028 2670 pdb
1053 2601 1139 2669 (elixa

122 2673 189 2726 adel.
208 2673 242 2740 b).
325 2679 340 2726 2
359 2671 514 2742 porrigines
536 2674 620 2742 pror
641 2673 724 2741 (Pl.):
747 2669 903 2741 prurigines
926 2672 966 2726 ub
990 2673 1057 2742 (M).
1149 2675 1151 2680 “

121 2750 139 2796 3
160 2745 249 2798 creto:
267 2745 344 2798 terre
361 2745 407 2799 br.
489 2750 506 2797 4
523 2745 662 2799 increscat
684 2759 719 2798 sc.
744 2744 828 2824 capnt
847 2741 915 2810 (Pl.)
942 2745 945 2810 1
975 2743 1071 2798 lendes
1085 2745 1137 2798 db:

121 2813 238 2869 lindites
257 2831 286 2883 p,
305 2814 419 2869 lintides
438 2817 483 2870 bm.
510 2819 513 2881 l
539 2831 563 2870 a.
582 2818 658 2870 tetra
677 2811 811 2867 animalia
829 2811 930 2882 cupitis
946 2815 975 2870 d.
1048 2812 1138 2869 cilli-

122 2885 218 2939 nintur
236 2885 255 2940 d
273 2885 411 2953 (illinobnr
428 2888 462 2951 b).
523 2893 539 2942 8
557 2885 701 2942 infrictum
719 2884 770 2953 pbr
789 2884 950 2940 intricatum
969 2887 995 2941 d.
1022 2887 1025 2953 l
1050 2886 1139 2954 porri-

121 2956 203 3026 gines
225 2973 263 3024 pr
295 2957 377 3025 (Pl.)=
404 2957 560 3028 prurigines
588 2955 704 3025 (ΗΜ).
794 2956 836 3010 tit.
859 2955 901 3009 De
919 2956 1059 3012 ulceribus
1076 2957 1095 3010 i.
1114 2973 1138 3010 c.

121 3028 304 3082 manentibus
321 3045 351 3096 p,
370 3029 414 3082 Ad
428 3029 523 3084 ulcero
539 3030 559 3083 i.
579 3046 602 3084 c.
621 3025 766 3083 monentia
784 3027 810 3083 d.
867 3033 900 3080 10
914 3026 1027 3097 proprio
1040 3028 1138 3083 morbo

120 3100 177 3168 gd:
204 3098 332 3168 proprius
354 3099 469 3154 morbus
491 3101 527 3155 rb
538 3101 596 3170 (Μ)
632 3102 636 3166 Ι
670 3098 699 3152 in
721 3097 877 3152 insentibus
902 3100 917 3152 b
946 3099 1049 3168 (eolus).

125 3175 157 3223 11
179 3185 243 3222 cnm
261 3171 316 3238 pd:
345 3169 431 3224 sirb.
458 3172 462 3238 Ι
488 3171 613 3240 ceperint
631 3172 685 3240 (dp
715 3169 857 3238 coeperint
878 3170 946 3238 prb.
1028 3176 1061 3223 12
1079 3171 1139 3225 fotu

122 3242 205 3294 urion
221 3240 297 3294 tsnri
314 3241 401 3310 pdbm
412 3241 494 3311 (Pl.):
522 3242 589 3297 felle
612 3239 723 3296 taurino
741 3240 778 3294 rb
793 3240 862 3310 (M).
955 3246 988 3295 14
1001 3247 1067 3311 post
1083 3240 1138 3294 illi-

122 3311 239 3366 ninninr
253 3313 312 3381 (sie)
330 3320 425 3368 ec,c.1
448 3313 514 3367 bace
533 3314 630 3381 repetit
643 3314 674 3368 ci:
694 3311 766 3366 Item
781 3310 938 3380 prurigines
951 3310 1139 3366 discutiuntur

123 3382 190 3436 felle
209 3381 295 3437 ovillo
314 3383 389 3438 illito
408 3401 470 3438 cum
490 3385 567 3438 creta
585 3383 698 3439 cimelio
715 3382 804 3437 donec
829 3383 976 3437 inarescet.
1050 3388 1082 3436 tc
1101 3399 1138 3437 m.

123 3453 170 3508 vel
192 3470 379 3522 purpurarum
397 3455 458 3509 rM
483 3453 665 3522 (muricumve
687 3469 875 3538 purpurarum
894 3454 929 3520 b).
1008 3460 1041 3508 17·
1064 3455 1139 3506 resto

122 3525 255 3593 ruffin
275 3527 354 3588 reete
372 3526 486 3594 rb(M).
551 3531 585 3581 18
605 3527 727 3581 contrita
744 3525 789 3580 rb.
845 3529 879 3578 20
899 3539 921 3577 c.
936 3524 1002 3578 vino
1019 3523 1138 3578 mixtum

124 3595 227 3665 rb(M,
246 3613 302 3650 otoo
322 3596 410 3667 Ptin.)
436 3600 440 3664 l
465 3614 512 3651 ex:
537 3613 599 3650 cum
618 3596 741 3667 rb(Pl.).
819 3601 851 3648 21
873 3594 996 3649 noscitur
1013 3596 1040 3650 ri.
