2620 4040
603 230 845 292 -174—

229 385 322 510 {²¹3⁰}ss
393 398 548 454 xxxvn
579 400 628 454 1³0
650 399 779 465 thymo.

257 499 263 524 ’
302 497 308 510 ⁶
394 516 540 596 Thymum
567 519 646 577 inter
670 534 704 577 ea
732 523 813 578 recte
844 518 966 595 ponitur
995 533 1070 594 quae
1094 517 1233 576 virtutem

327 605 450 666 calidam
482 605 569 666 simul
598 613 806 684 austeramque
840 606 945 665 sortita
978 613 1055 665 sunt.
1103 607 1134 664 iu
1170 605 1232 665 cibo

327 703 478 774 sumptum
515 695 670 772 caliginem
707 694 844 775 discutit,
882 692 1045 754 lumbricos
1082 695 1233 775 interimit,

325 785 442 844 urinam
474 781 602 864 inpellit,
635 790 788 842 menstrua
816 783 934 843 leminis
968 790 1123 866 provocat,
1156 785 1234 842 uteri

325 871 466 951 reliquias
489 871 591 932 vulvae
620 871 811 932 inhaerentes
834 871 880 931 vel
907 873 988 951 ipsos
1011 878 1115 950 partus
1138 883 1257 931 emor-⁵

326 968 395 1021 tuos
412 961 548 1022 extrahit.
581 962 685 1021 tritum
706 979 775 1022 cum
789 958 876 1021 melle
892 959 972 1021 etad
989 960 1109 1021 modum
1127 959 1234 1039 ligulae

325 1048 426 1110 datum
456 1049 592 1128 flegmata
621 1051 653 1110 in
676 1048 742 1109 cibo
766 1049 862 1110 solvit.
899 1052 1003 1109 tritum
1033 1068 1069 1108 ex
1096 1057 1182 1110 aceto
1205 1057 1236 1108 et

324 1132 487 1217 inpositum
515 1137 621 1198 eodem
643 1137 731 1198 modo
754 1138 877 1218 papulas
907 1137 990 1218 lugat
1014 1145 1043 1198 et
1074 1139 1234 1198 eminentia

325 1227 441 1288 excidit.
474 1230 600 1288 mixtum
618 1226 755 1306 polentae
780 1235 811 1286 et
834 1227 865 1286 in
885 1229 953 1286 vino
978 1234 1162 1286 maceratum
1185 1245 1232 1286 co·

324 1334 436 1396 xaeque
457 1316 574 1377 fervens
594 1317 815 1395 superpositum
836 1314 1005 1375 ischiadicis
1025 1314 1155 1375 salutare
1179 1323 1232 1375 est.
1246 1328 1267 1366 1⁰

227 1467 314 1605 ἐξῆ.
390 1481 564 1538 ΧΧΧἩΙ.
596 1483 645 1535 De
669 1479 818 1549 origano.

392 1597 521 1678 Origano
545 1598 650 1660 Graeci
677 1601 735 1659 tria
758 1600 877 1659 nomina
899 1605 1079 1678 posuerunt,
1108 1615 1145 1658 ex
1170 1600 1232 1676 qui·

324 1685 381 1748 bus
411 1705 504 1760 unrrm
531 1690 767 1768 tragoriganum,
797 1685 875 1748 alind
905 1686 1082 1768 heraclium,
1110 1689 1233 1748 tertium

324 1777 436 1836 onitem
458 1784 645 1836 vocaverunt.
687 1776 740 1836 sed
771 1775 819 1836 illa
847 1777 968 1836 maioris
996 1777 1116 1846 virtutis
1143 1783 1232 1853 atque

325 1864 473 1925 efficaciae
497 1867 668 1926 sentiuntur
691 1867 723 1926 in
746 1866 860 1924 ratione
881 1863 1058 1945 medicinae,
1081 1863 1139 1924 hoc
1163 1867 1230 1924 sati·
1295 1865 1296 1868 ’

324 1972 393 2014 vum
417 1956 509 2032 cuius,
530 1972 584 2015 nos
608 1955 797 2034 meminimus
825 1953 974 2032 aliquanto
1003 1954 1151 2014 iulirmins
1175 1951 1231 2012 illis
1245 1964 1266 2004 1⁵

324 2042 437 2103 scilicet
461 2051 671 2122 comparatum.
714 2051 849 2102 ceterum
872 2060 928 2102 nec
956 2043 1054 2119 ipsum
1082 2043 1147 2100 sine
1173 2043 1232 2102 acri

323 2133 435 2190 virtute
468 2135 605 2195 sentitur.
654 2149 690 2191 ex
717 2133 786 2190 vino
814 2129 880 2190 albo
911 2131 1017 2190 tritum
1047 2131 1078 2188 in
1110 2132 1232 2209 potione

248 2317 296 2385 (Cf-
385 2324 518 2398 'thymum
547 2327 674 2382 virtutem
703 2324 784 2382 habet
811 2325 923 2384 calidam
950 2301 981 2380 ut
1008 2341 1122 2398 ysopus.
1168 2325 1231 2384 cali·

217 2387 413 2484 Anoedpinem
436 2410 560 2480 discutit,
584 2409 731 2467 lumbricos
754 2412 833 2482 eicit,
856 2411 959 2466 urinam
982 2408 1135 2482 compellit,
1160 2427 1232 2466 men·

216 2460 401 2551 H’ffiffi'strna
430 2503 574 2569 provocat,
606 2495 693 2551 fetum
722 2504 858 2550 mortuum
887 2494 1004 2549 extrahit
1032 2501 1060 2549 et
1085 2494 1268 2550 secundas²⁰

323 2579 410 2654 pulvis
434 2581 492 2635 eius
515 2596 546 2636 ex
569 2581 631 2636 vino
659 2588 769 2654 potatus
792 2619 850 2636 ...
873 2579 962 2653 pulvis
985 2579 1043 2633 eins
1067 2595 1128 2635 cum
1152 2579 1232 2635 melle

323 2666 421 2720 mixtus
444 2666 542 2720 tussim
565 2665 645 2722 tollit.

322 2781 535 2788 ——-—-...

289 2875 301 2920 1
322 2866 495 2936 Thy(')mum
513 2868 602 2935 pald:
621 2883 665 2920 -us
683 2866 727 2920 rb.
744 2867 749 2933 1
766 2880 799 2920 eo
817 2881 876 2934 epo:
895 2865 964 2918 haec
981 2866 1035 2933 pol
1047 2865 1111 2933 (rb).
1129 2866 1133 2932 Ι
1154 2865 1230 2919 recte

215 2939 289 2993 inter
307 2939 377 2991 hoec
395 2939 440 2991 rb.
487 2943 502 2990 3
522 2939 665 3006 sumptum
684 2937 773 3006 peld:
793 2953 838 2990 -us
855 2936 901 2990 rb.
947 2941 965 2989 4
982 2935 1096 3004 inpellit
1109 2937 1171 3004 (aie)
1185 2953 1229 3006 pc.

265 3015 280 3062 5
305 3009 447 3062 emortuos
469 3010 566 3077 portus
589 3010 633 3062 rb.
660 3010 664 3076 Ι
693 3010 818 3062 mortuos
842 3009 884 3064 ld.
958 3013 1050 3075 ssaqq.
1074 3005 1159 3062 tritus

215 3082 297 3135 datus
317 3080 471 3135 ...tritus
491 3121 496 3134 .
513 3121 540 3136 ..
564 3080 712 3148 impositus
806 3078 910 3132 mixtus
930 3121 936 3134 .
953 3119 959 3132 .
975 3119 982 3134 .
1000 3079 1161 3132 maceratus
1180 3121 1185 3132 .
1201 3117 1230 3132 ..

215 3151 324 3221 positus
343 3191 393 3206 ...
413 3150 545 3206 salutaris
558 3153 595 3206 rb
615 3153 721 3218 (contro
738 3151 834 3219 pald).
883 3156 916 3204 10
935 3147 1057 3210 sciaticis
1075 3147 1229 3216 polethe).

252 3229 283 3276 11
304 3225 456 3291 posuerunt
475 3224 585 3292 (posuer
607 3225 635 3291 o)
653 3223 720 3291 pol:
737 3238 780 3276 ·re
793 3223 839 3276 rb.
856 3222 860 3289 Ι
877 3237 910 3276 ex
924 3221 991 3289 pol:
1010 3219 1084 3274 orb.
1135 3225 1167 3273 12
1182 3219 1230 3274 tri·
1294 3273 1295 3276 ,

215 3293 277 3363 gori
304 3309 405 3348 canum
427 3295 472 3350 rb.
499 3297 502 3362 l
528 3293 682 3349 heraclium
708 3294 753 3362 pl,
782 3292 914 3348 eraclium
937 3308 953 3346 o
976 3289 1113 3358 (eradium
1134 3291 1192 3360 rb).

250 3371 283 3420 13
303 3365 378 3421 onita
392 3382 443 3435 po,
462 3366 560 3420 oniten
573 3367 582 3419 t
593 3365 652 3433 (rb,
672 3363 761 3419 onitin
782 3364 846 3430 Pl).
864 3366 868 3430 Ι
884 3363 1056 3418 vocaverunt
1073 3363 1110 3429 (u
1121 3362 1147 3428 v)
1161 3363 1227 3430 pol:

215 3454 256 3492 -ca
274 3438 319 3492 rb.
336 3438 340 3505 Ι
356 3434 446 3492 virtus
465 3438 524 3505 (sic)
542 3453 567 3490 c.
614 3441 648 3490 14
666 3436 719 3492 hoc
736 3436 802 3504 pol:
821 3450 872 3490 om.
886 3433 931 3487 rb.
949 3436 953 3500 Ι
969 3431 1092 3488 sativum
1110 3435 1156 3487 est
1172 3449 1194 3486 c.
1210 3433 1227 3486 l.

250 3513 283 3562 15
303 3508 449 3576 aliquanto
462 3524 512 3576 po:
531 3505 684 3575 aliquando
702 3508 752 3572 rb,
770 3523 820 3562 ono.
837 3507 853 3560 l.
911 3510 942 3558 17
962 3503 1028 3560 vino
1046 3502 1122 3560 enim
1141 3520 1166 3560 a.
1182 3505 1227 3557 rb.

217 3579 334 3648 {tritum
353 3580 382 3631 in
400 3594 451 3646 pa:
470 3578 568 3632 tritum
588 3580 617 3631 et
635 3577 664 3630 in
682 3579 767 3646 roll).
