2610 4040
372 235 694 334 fl-fas-

75 395 264 460 cantharidas
282 399 412 462 inlinunt
430 417 499 460 cum
517 417 589 462 suco
604 417 677 462 urae
692 400 824 460 amineae
853 411 941 475 nent

75 492 107 548 et
130 503 200 546 sevo
215 488 277 548 ovis
300 487 349 550 vel
371 501 486 568 caprae.
523 491 661 550 murinus
679 485 766 548 timus
788 506 825 550 ex
852 500 940 562 tone.

75 581 162 636 aceto
185 571 343 655 <inlinitur
366 573 418 656 et>
442 578 518 638 cinis
537 579 668 639 erinacei
692 593 727 636 ex
751 574 824 636 oleo.
887 579 925 633 ib.

74 664 108 722 in
129 661 186 724 hac
209 668 362 726 curatione
390 668 475 745 prius
503 665 610 728 taciem
632 685 670 726 ex
692 666 772 724 nitro
795 672 825 728 et
887 665 924 720 ab.

48 758 162 812 ⁵aceto
180 751 274 814 loreri
291 755 487 834 praecipiunt.
514 753 645 816 inlinunt
658 760 688 815 et
709 752 824 832 adipem
853 762 940 826 3283.
970 762 975 765 ’

75 838 163 902 vituli
194 843 308 904 marini.
355 842 487 924 delphini
519 843 651 904 cinerem
681 859 723 912 eu¹
749 859 825 922 aqua
888 842 924 897 ib.

73 927 214 992 inlinunt.
246 949 298 992 eos
317 932 369 1010 qui
387 933 431 993 sic
449 938 594 994 vexantur
612 929 741 992 osculari
764 947 824 992 non
850 959 860 978 ν
897 933 913 967 *

74 1023 208 1098 oportet,
231 1021 371 1100 quoniam
389 1027 545 1084 contactus
565 1022 751 1100 perniciosus
770 1026 824 1082 est.
853 1009 897 1078 (⁶f·
914 1013 987 1080 lbi)

72 1104 179 1166 ficulni
202 1105 302 1168 caules
324 1127 363 1168 ex
389 1116 474 1171 aceto
502 1110 581 1170 cocti
607 1111 730 1187 tritique
758 1107 823 1168 inli-
852 1115 940 1180 tent.

34 1207 61 1246 10
73 1201 199 1256 nuntur.
227 1193 314 1256 ibisci
330 1196 416 1258 radix
434 1215 503 1262 cum
526 1197 639 1278 glutine
662 1196 764 1276 lupino
788 1213 825 1256 ex
887 1197 924 1251 ib.

73 1290 161 1344 aceto
189 1283 311 1368 decocta
339 1284 376 1346 ad
404 1294 533 1364 quartas.
573 1285 628 1348 tlos
655 1287 728 1351 uisci
756 1302 825 1348 cum
887 1284 924 1340 ib·

74 1372 158 1436 calce
172 1372 313 1436 subactus
331 1373 475 1438 laudatur.
508 1373 662 1455 tithymalli
681 1373 737 1436 tlos
755 1391 824 1437 cum
853 1381 940 1446 nent.
1006 1427 1010 1438 .

72 1463 177 1524 resina
202 1463 344 1526 decoctus
375 1463 540 1544 adhibetur.
581 1463 713 1544 thapsiae
740 1459 824 1525 radix
851 1461 888 1518 tl>-
907 1464 967 1531 (oto.
982 1467 1008 1533 r)

73 1554 149 1612 trita
164 1570 233 1614 curn
245 1552 332 1614 melle
351 1555 524 1633 imponitur.
551 1553 699 1636 glutinum
713 1553 824 1615 lactum
853 1559 949 1622 tense

33 1652 58 1692 1⁵
73 1659 113 1702 ex
136 1641 313 1719 genitalibus
335 1641 495 1704 vitulorum
522 1641 654 1722 liquatur
677 1660 713 1702 ex
740 1648 823 1701 aceto
852 1630 913 1700 (⁰m·
928 1635 953 1701 l)
1046 1685 1054 1690 -

73 1746 147 1789 curn
169 1729 312 1809 sulphure
334 1731 400 1791 viro
419 1748 502 1792 ramo
521 1730 649 1792 tlculneo
667 1732 824 1811 permixto,

72 1821 118 1879 ita
135 1824 171 1878 ut
188 1835 295 1882 recem
313 1818 360 1882 bis
378 1821 410 1881 in
429 1819 477 1880 die
499 1821 678 1899 imponatur.
714 1818 825 1881 lomen-
897 1819 913 1858 *

72 1916 142 1968 turn
164 1909 267 1986 aequis
288 1907 425 1988 partibus
448 1926 518 1970 cum
541 1909 617 1971 turis
639 1905 749 1988 polline
771 1908 824 1971 int-

13 2039 14 2044 η
71 1993 199 2076 ponitur
222 2013 258 2058 ex
281 2015 365 2076 aqua.

142 2151 292 2238 xvim*
307 2180 550 2252 elephantiasi.

33 2309 58 2350 ²0
143 2297 264 2360 Alacic
291 2299 348 2360 hoc
375 2299 487 2362 malurn
512 2300 688 2380 plerumque
719 2281 836 2380 incipit
852 2314 922 2380 nea.

74 2394 107 2447 et
128 2404 203 2448 nare
224 2389 321 2466 prima
342 2391 439 2472 surgit
457 2387 549 2450 veluti
571 2388 725 2470 lenticula,
749 2407 824 2470 quae

146 2667 307 2724 lillininnt
324 2670 364 2724 dh
392 2671 466 2739 (item
487 2669 568 2736 infra
588 2671 710 2740 emper).
736 2672 740 2739 l
766 2669 895 2726 amineae
921 2669 983 2738 yda
1010 2668 1091 2739 (M.):

72 2739 210 2796 taminiae
225 2741 271 2796 Pl.
321 2747 338 2796 3
356 2740 484 2796 illiniunt
499 2757 516 2796 r
534 2742 595 2810 (ovo.
608 2742 663 2810 ad,
685 2741 732 2796 sed
749 2742 785 2808 cs.
801 2741 868 2810 Ph).
885 2741 890 2810 Ι
911 2739 1055 2796 herinacei
1063 2743 1091 2811 d,

71 2810 185 2866 irinecii
208 2828 235 2881 9.
305 2817 325 2866 4
351 2811 370 2868 i.
394 2807 469 2867 nitro
491 2827 526 2868 ex
552 2813 633 2868 noeto
657 2811 703 2868 Pl.
775 2811 972 2884 bpercipiunt
993 2813 1021 2867 d.

72 2888 89 2937 6
112 2879 248 2951 delphino
274 2882 333 2949 (aed
354 2882 416 2951 ips.
430 2897 499 2940 corr.
524 2881 577 2952 ·ni)
604 2898 635 2952 9,
663 2881 806 2952 Delphini
823 2883 851 2940 d.
877 2887 881 2952 Ι
914 2882 1037 2940 cinerem
1059 2885 1090 2938 d:

71 2949 184 3008 cineris
202 2951 324 3008 merem
342 2953 403 3022 (eie)
424 2970 449 3022 9.
506 2958 561 3008 te
580 2953 646 3008 haec
662 2954 757 3023 epatius
773 2955 868 3010 atatim
881 2959 947 3022 poet
959 2971 991 3023 p.
1011 2960 1092 3022 ente

71 3024 189 3091 (cutem)
206 3023 324 3091 inscita
346 3025 429 3092 (unde
447 3025 483 3094 b).
556 3029 572 3078 9
589 3022 701 3078 Ficulni
717 3041 736 3094 9
758 3025 842 3095 (Pl.):
868 3023 1001 3082 Ficnlnee
1019 3026 1091 3097 abl

70 3091 191 3163 tritique
213 3096 287 3164 olma
314 3093 484 3164 contritique
511 3095 538 3150 d.
612 3101 646 3149 10
664 3094 749 3150 ibisci
765 3097 808 3165 qd
832 3093 939 3165 (livisci
956 3097 1007 3164 rb,
1035 3095 1092 3166 Hy-

69 3161 141 3220 bisti
163 3165 223 3234 hm).
244 3167 251 3233 l
275 3164 383 3234 glutine
401 3165 455 3235 qd:
481 3182 529 3222 -no
551 3166 589 3220 rb
612 3165 690 3235 (Pl).
716 3167 720 3234 l
748 3165 845 3235 lupino
869 3181 921 3221 om.
941 3165 987 3220 Pl.
1017 3168 1093 3236 (cum

68 3233 169 3304 lupino
188 3235 270 3290 diam
289 3234 427 3318 Marcp.
447 3239 518 3306 129).
543 3238 550 3318 Ι
573 3253 608 3291 ex
624 3252 655 3306 y:
675 3237 705 3291 et
721 3237 741 3291 d
759 3236 827 3306 (Pe,
845 3236 876 3292 in
893 3242 929 3306 r).
980 3243 1013 3290 11
1029 3243 1095 3306 poet

69 3307 190 3374 querius
207 3306 274 3360 add.
287 3323 317 3361 r:
335 3306 466 3362 similiter
484 3307 641 3362 adhibetur.
703 3312 735 3361 12
755 3306 903 3378 Tytil'titi-
917 3307 1029 3431 dpmalli
1041 3310 1092 3378 μά.

108 3381 143 3432 18
162 3375 284 3458 'l'epsiee
306 3391 336 3447 pe
362 3376 456 3448 'lipsio
479 3379 507 3435 d.
576 3383 611 3434 14
628 3377 725 3432 obtrita
749 3379 760 3445 (
780 3379 852 3448 ')9.
877 3380 884 3447 Ι

68 3446 241 3530 (sung-mu
258 3447 284 3502 u.
358 3437 724 3519 ltaxd(Pt.):oo'119b.
797 3454 831 3504 1e
855 3379 1095 3519 perdiffidunmri

109 3522 143 3572 17
163 3519 324 3586 imponetur
341 3534 372 3588 με
390 3521 511 3588 ponetur
528 3520 558 3587 d,
579 3520 732 3590 reponatur
750 3519 775 3574 b.
800 3519 805 3587 Ι
827 3519 998 3574 anentnm
1014 3533 1041 3587 9.

70 3588 116 3642 tit.
136 3585 306 3644 Eleiantieci
322 3605 354 3658 9,
371 3589 417 3643 Ad
435 3588 629 3659 elephanticos
646 3591 673 3648 d.
747 3595 780 3643 21
800 3589 832 3644 in
849 3605 918 3644 nere
937 3588 983 3643 Pl.

124 3689 194 3730 Plinii
206 3689 301 3732 iuniori·
313 3689 432 3733 umidus.
916 3682 933 3729 3
