2620 4040
593 257 836 322 4184-

316 422 380 501 ipse
403 424 530 482 austeris
548 429 579 482 et
602 421 736 499 stypticis
759 419 842 480 adest
865 418 1018 497 fermeque
1036 420 1062 478 is
1086 418 1228 480 omnibus

317 528 392 589 qnae
416 509 478 570 sola
504 511 537 570 in
563 510 661 570 bieme
689 516 859 569 servantur:
890 525 925 568 ea
953 510 978 568 si
1006 514 1122 568 matura
1148 507 1229 569 lecta

317 606 348 659 et
371 597 531 659 salubriter
554 596 702 660 custodita
727 598 932 676 provenerint,
963 598 1052 657 etiam
1079 595 1228 676 prodesse

316 686 525 766 languentibus
552 685 714 747 adseverat.
755 684 884 763 denique
912 685 1007 745 farina
1033 684 1167 746 involuta
1196 687 1227 745 in

317 774 411 837 calido
434 777 535 850 cinere
558 775 689 835 discocta
711 776 743 834 in
766 772 896 852 querelis
918 772 1032 834 utiliter
1054 780 1141 852 putat
1164 781 1253 834 sto-s

254 869 269 903 *
314 864 412 925 machi
434 865 597 924 nausiantis
616 864 725 923 offerri.
762 869 862 941 potest
884 861 994 922 malum
1012 863 1140 924 maxime
1165 880 1228 922 ma·

316 954 430 1014 tiannm
458 954 632 1031 sangninem
666 953 839 1031 reicientes‚
870 950 1021 1030 pulmonis
1052 958 1083 1010 et
1114 951 1228 1011 iecoris

315 1042 441 1102 iniuriae
469 1039 612 1101 obnoxios
635 1038 803 1120 sublevare,
830 1038 937 1100 melius
962 1045 1061 1100 tamen
1089 1040 1116 1099 si
1138 1057 1227 1100 num-

255 1135 260 1146 ·
317 1147 405 1209 quarn
427 1131 535 1190 ieiunis
559 1127 610 1189 sed
634 1136 702 1208 post
720 1126 820 1212 cibum
843 1128 939 1189 detur.
976 1130 1020 1188 vis
1043 1145 1115 1206 ergo
1139 1127 1228 1188 malis

205 1217 429 1279 Gottcumlda
452 1225 483 1278 et
505 1216 610 1297 irigida
632 1225 692 1298 est,
715 1215 795 1296 quod
818 1218 943 1276 maxime
968 1235 1004 1276 er
1028 1233 1062 1275 eo
1087 1233 1225 1295 compre·
1241 1231 1263 1270 10

315 1306 457 1368 benditur
470 1306 550 1385 qnod
564 1325 655 1367 sucus
669 1308 721 1385 qui
739 1305 830 1366 inerit
843 1321 1002 1384 expressus
1016 1303 1101 1365 facile
1116 1307 1228 1365 transit

223 1397 257 1454 G.
271 1397 350 1456 ibin
372 1413 500 1456 acorem.
535 1397 664 1456 austeris
690 1401 789 1454 tamen
818 1393 902 1454 malis
925 1401 955 1454 et
982 1391 1073 1454 acidis
1096 1400 1228 1471 possunt

316 1485 448 1544 recentia
466 1483 707 1555 vulnerastatim
726 1481 822 1543 claudi
842 1485 868 1542 si
887 1483 1015 1543 contrita
1033 1483 1226 1561 inponantur.

316 1579 450 1632 tumores
468 1578 556 1650 atque
575 1571 683 1632 livores
706 1589 743 1632 ex
762 1588 837 1650 aqua
858 1578 941 1631 cocta
960 1579 1077 1632 etcum
1096 1572 1226 1649 axungia

316 1662 386 1720 trita
410 1659 612 1738 compescunt.
1240 1671 1263 1712 rs

381 1747 429 1808 Fit
456 1767 492 1808 ex
520 1743 604 1808 malis
631 1747 786 1809 manlianis
815 1747 934 1826 optimis
962 1745 1061 1807 nobile
1094 1746 1225 1808 medica-

315 1845 449 1898 mentum
468 1836 547 1916 qnod
570 1855 675 1915 graece
694 1835 816 1896 bedrice
835 1835 958 1916 dicitur,
981 1853 1126 1915 perquam
1150 1834 1224 1897 utile
1298 1902 1299 1922 χ

315 1933 404 2005 atque
433 1926 536 1986 elllcax
563 1927 589 1986 si
617 1925 734 2005 quando
762 1923 899 1986 verendis
926 1923 1060 2004 partibus
1083 1923 1224 2004 condylo·
1298 1923 1299 1954 l

314 2023 406 2095 mata,
433 2014 479 2075 vel
501 2014 625 2094 papulae
648 2015 814 2076 eminentes
838 2031 911 2092 quas
934 2012 1090 2074 cacoethes
1114 2013 1225 2074 medici

314 2110 434 2184 vocant,
469 2102 516 2164 vel
550 2101 657 2164 callosa
688 2120 757 2182 pars
789 2103 887 2162 carnis
924 2103 1099 2163 excreverit.
1156 2104 1223 2162 eins
1236 2114 1260 2154 ²⁰

315 2192 491 2270 compositio
510 2191 576 2252 talis
595 2198 650 2252 est.
686 2190 762 2251 mala
781 2191 899 2250 concisa
914 2198 944 2251 et
962 2191 1088 2251 interius
1107 2189 1224 2268 lignosa

314 2285 399 2359 parte
427 2286 552 2358 purgata
578 2277 671 2340 librae
695 2281 785 2340 unius
812 2277 966 2359 ponderis,
994 2278 1117 2338 adiectis
1141 2281 1225 2339 croci

314 2368 357 2428 's'ess
372 2381 423 2448 vl,
446 2369 477 2428 in
500 2368 580 2446 passi
602 2368 731 2429 sextario
753 2367 963 2446 decoquuntur
986 2374 1017 2427 et
1039 2383 1109 2426 cunr
1130 2384 1222 2427 omne

315 2457 499 2538 concoxerit,
527 2463 587 2522 tam
614 2455 665 2517 diu
689 2473 757 2515 cum
784 2454 873 2534 pulpa
897 2454 926 2514 id
954 2463 1001 2516 est
1028 2453 1110 2514 molli
1136 2457 1224 2534 panis

281 2616 295 2664 1
315 2609 413 2667 adesso
431 2611 473 2666 ait
486 2611 503 2666 l.
520 2613 524 2680 Ι
540 2610 577 2665 ise
596 2609 640 2664 bis
652 2611 782 2680 putot).
829 2609 920 2664 boola
933 2608 963 2662 in
971 2608 1037 2678 pol:
1056 2607 1087 2662 in
1101 2606 1223 2663 solarb.

243 2686 259 2736 3
278 2681 409 2751 prodesse
427 2698 477 2736 om.
497 2683 515 2736 t.
579 2687 596 2735 4
614 2681 761 2736 adseverat
776 2696 824 2749 po.
849 2682 854 2748 1
878 2679 908 2734 in
925 2695 977 2750 po:
1005 2680 1035 2735 et
1052 2679 1081 2733 iu
1099 2679 1136 2732 rb
1147 2679 1186 2747 (l).

208 2757 224 2806 5
244 2750 381 2807 stomachi
398 2754 464 2821 pot:
484 2752 579 2806 -chum
597 2753 641 2808 rb.
662 2753 669 2764 '
698 2759 713 2808 6
732 2749 830 2806 Potest
847 2766 914 2805 vero
931 2768 969 2806 m.
983 2750 1027 2804 rb.
1044 2751 1049 2814 1
1065 2750 1223 2804 metianum

206 2823 296 2893 t(rb):
320 2822 488 2877 bruttianum
505 2837 552 2891 qo.
611 2821 807 2877 traicientes:
831 2819 919 2876 tibus
936 2821 1067 2890 qvint).
1122 2825 1139 2876 8
1158 2821 1223 2875 sub

208 2892 302 2948 levare
316 2893 382 2962 pol:
399 2893 526 2948 relevare
539 2894 584 2948 rb.
632 2899 665 2948 10
679 2892 777 2948 umida
794 2891 954 2962 (humidat)
972 2893 1038 2962 pol:
1058 2891 1087 2946 et
1104 2890 1224 2946 humida

88 3005 91 3012 .
206 2963 252 3019 rb.
273 2965 278 3031 1
302 2963 423 3018 maxime
446 2979 481 3018 ex
503 2980 536 3019 eo
554 2980 584 3033 p:
611 2980 646 3019 ex
666 2980 699 3018 eo
718 2963 838 3018 maxime
855 2964 963 3033 ol(rb).
1027 2968 1061 3016 12
1079 2961 1110 3016 in
1127 2977 1224 3016 maco-

206 3051 266 3090 rem
284 3035 301 3088 l.
318 3037 323 3103 1
339 3033 469 3089 austeris:
488 3035 597 3090 Bausta
615 3037 633 3089 l.
680 3041 713 3091 13
733 3034 868 3090 contritut
889 3032 1030 3089 contraris
1044 3035 1062 3088 l.
1108 3039 1143 3088 tt
1161 3032 1223 3086 uni·
1297 3083 1298 3092 ,

205 3105 327 3160 malibus
350 3104 463 3174 optimis
490 3105 615 3175 (obtimis
632 3107 661 3175 p)
684 3105 798 3188 portu:
825 3120 876 3159 om.
895 3105 940 3159 rb.
971 3119 1027 3174 pro
1050 3103 1223 3159 animalibus
1297 3147 1298 3183 p

204 3176 305 3245 scripsi
329 3175 486 3234 Manlisnis.
560 3183 592 3231 17
616 3177 729 3233 hednae
756 3177 806 3232 rb:
833 3175 943 3231 usdrice
966 3177 1016 3245 pl,
1044 3174 1137 3230 ednas
1159 3191 1185 3228 e.
1297 3201 1298 3208 κ

208 3253 242 3303 18
251 3247 337 3317 atque
345 3248 399 3317 pol
405 3268 411 3302 ε
427 3248 510 3303 etrb.
526 3249 530 3318 Ι
546 3247 687 3304 verendis:
702 3245 824 3304 intendis
834 3247 893 3314 (stc)
907 3248 973 3316 pol,
986 3246 1018 3301 in
1031 3245 1161 3302 verendis
1174 3245 1221 3302 rb.
1297 3225 1298 3312 l

234 3324 267 3374 19
295 3318 443 3374 cacoethes
465 3333 523 3389 epo:
551 3319 688 3375 exacodss
712 3320 772 3389 (sic)
794 3318 917 3387 pol(rb).
979 3323 1013 3373 2ο
1032 3316 1138 3372 callosa
1159 3331 1220 3385 spo:
1297 3319 1298 3342 ¹

205 3389 443 3458 caltcauboulosa
464 3391 593 3462 putrui
623 3389 777 3445 excreverit
800 3389 867 3457 puls
899 3387 954 3443 -vit
976 3388 1020 3443 rb.
1047 3390 1051 3455 Ι
1076 3387 1135 3443 eius
1152 3387 1221 3457 put:
1297 3375 1298 3420 l

205 3460 284 3516 cuius
293 3461 338 3516 rb.
371 3466 405 3514 22
416 3459 547 3530 ponderis
556 3462 621 3531 pol:
637 3477 679 3515 -se
688 3462 733 3515 rb.
771 3466 805 3514 2³
815 3462 851 3516 s‘c.
862 3479 891 3515 vr
900 3475 951 3530 por
961 3458 1099 3542 scrupulis
1108 3474 1158 3513 sex
1169 3459 1221 3526 b(l‚

204 3530 327 3601 scrypuli
340 3550 377 3585 vr.
391 3534 426 3598 r).
468 3536 502 3584 24
519 3531 600 3586 molli
617 3531 698 3599 penis
712 3534 762 3585 eut
779 3546 866 3602 epyro
880 3545 940 3600 epo:
958 3529 1053 3585 molbs
1069 3528 1151 3599 psnis
1169 3531 1222 3582 aut

205 3601 287 3671 opyri
305 3600 389 3670 (epiri
402 3602 445 3670 ot)
462 3602 528 3671 pot,
547 3601 627 3656 molli
645 3617 731 3671 pane,
750 3604 779 3656 et
796 3601 918 3671 tiusperi
936 3603 976 3670 (et
993 3600 1114 3671 tiuupsn'
1127 3604 1154 3671 r)
1173 3601 1220 3656 rb.
