2610 4040
257 55 280 76 s

139 95 246 194 β’

2 207 134 362 s
590 255 809 322 -co-

364 433 433 502 aab.
461 420 570 481 lienem
597 421 732 481 consumi
756 426 872 480 certum
899 425 953 480 est.
991 425 1216 482 sarmentorum

462 511 537 570 cinis
557 517 641 570 aceto
656 525 836 589 conspersus
854 507 932 569 binis
952 507 1064 588 cyathis
1083 527 1119 568 ex
1134 526 1215 588 aqua

462 601 490 660 ei
504 597 635 659 dabitur:
658 599 684 658 is
699 598 750 677 qui
770 595 923 658 curabitur
936 599 967 658 ln
989 596 1098 657 lienem
1111 599 1214 659 iacere

269 761 273 768 ,
304 691 432 764 (aulea)
462 685 591 748 debebit.
619 694 738 747 acetum
755 684 868 746 bibitur
886 693 917 747 et
935 688 966 746 in
981 687 1103 765 spongia
1121 705 1214 765 appo·

346 787 433 854 alpe.
463 777 553 836 nitur.
590 774 722 855 corymbi
744 774 872 835 hederae
891 777 955 854 poti
973 774 1020 835 vel
1041 774 1119 834 inliti
1141 785 1245 853 pro-5

348 876 434 939 24,68.
464 871 542 925 sunt.
570 866 694 924 ericaeis
708 865 785 927 vasis
802 865 834 924 in
851 864 972 943 potione
992 881 1110 942 semper
1124 871 1211 924 uten-

348 964 435 1028 80,51.
464 953 536 1014 dum
549 960 603 1014 est.
630 953 754 1033 pecudis
772 951 831 1012 lien
846 969 953 1012 recens
966 970 1059 1031 super
1077 951 1213 1012 dolorem

464 1041 648 1120 extenditur,
680 1042 798 1102 dicente
825 1058 861 1101 eo
894 1042 946 1120 qui
977 1039 1144 1112 medebitur
1179 1059 1213 1102 se

463 1130 573 1192 lienem
586 1129 713 1210 mederi,
736 1128 843 1190 deinde
861 1131 894 1189 in
911 1131 1024 1210 pariete
1044 1129 1213 1192 dormitorii

464 1218 594 1280 cubiculi
621 1220 748 1280 tectorio
780 1217 943 1279 includitur
975 1225 1005 1279 et
1031 1226 1078 1278 ter
1106 1221 1257 1279 novies10

369 1311 374 1322 '
392 1351 398 1363 .
463 1307 654 1388 subsignatur
668 1307 831 1387 eademque
844 1307 990 1368 dicentur.
1014 1308 1137 1368 caninus
1149 1306 1214 1368 lien

462 1399 572 1457 viventi
591 1398 731 1457 eximitur
749 1404 779 1457 et
801 1394 956 1477 laboranti·
970 1397 1001 1455 in
1024 1395 1090 1455 cibo
1115 1396 1212 1457 datur.
1299 1421 1300 1436 ¹

462 1481 569 1544 liberat
588 1483 624 1544 de
643 1486 715 1545 vitio
734 1484 820 1545 lienis
843 1483 960 1546 catrdus
984 1484 1077 1546 duum
1095 1484 1215 1546 dierum
1299 1525 1300 1530 κ

392 1615 399 1628 .
464 1572 549 1632 datus
563 1575 712 1651 ignoranti
726 1591 814 1652 aegro
828 1575 860 1634 in
875 1573 941 1634 cibo
957 1591 998 1634 er
1008 1581 1099 1634 aceto.
1129 1573 1212 1634 idem

369 1662 398 1714 '.
464 1668 494 1721 et
521 1658 582 1721 lien
606 1663 736 1722 erinacei
765 1668 904 1742 praestat.
941 1661 1109 1723 coclearum
1136 1664 1257 1723 cinis1⁵

463 1767 532 1810 cum
563 1749 617 1810 lini
648 1752 760 1811 semine
789 1759 819 1813 et
850 1753 964 1813 ruticae
993 1750 1092 1812 addito
1123 1750 1212 1812 melle

393 1879 398 1891 .
463 1838 626 1918 imponitur
649 1839 743 1902 donec
762 1848 948 1918 persanetur.
979 1839 1089 1901 lacerta
1107 1839 1213 1902 viridis

463 1927 527 1986 viva
557 1928 590 1988 in
620 1927 676 1988 olla
708 1936 776 1988 ante
804 1927 975 1990 cubiculum
1003 1929 1213 1990 dormitorium

464 2015 670 2097 suspenditur,
693 2025 728 2078 ut
751 2017 907 2096 egrediens
929 2026 959 2078 et
982 2017 1101 2078 rediens
1120 2035 1212 2078 manu

463 2110 571 2182 tangat.
601 2104 684 2166 sedat
701 2105 811 2167 lienem
824 2105 863 2166 sel
884 2107 949 2187 apri
961 2105 1007 2166 vel
1022 2108 1083 2166 suis
1096 2112 1213 2187 potum,
1227 2118 1257 2158 2⁰

394 2233 401 2245 .
464 2193 576 2251 cervini
599 2210 708 2254 cornus
733 2196 808 2256 cinis
834 2201 923 2274 potus
946 2213 982 2254 cx
1011 2201 1102 2255 aceto.
1140 2197 1213 2274 equi

394 2321 400 2334 .
464 2278 564 2358 lingua
586 2282 749 2344 inveterata
767 2300 804 2343 ex
822 2285 891 2344 vino
914 2281 1035 2344 bibitur.
1069 2300 1212 2362 praesen·
1260 2285 1268 2298 '

464 2375 552 2429 tanco
579 2370 712 2432 remedio
744 2371 804 2432 lien
830 2369 961 2433 bubulus
993 2389 1078 2432 assus
1105 2389 1216 2432 recens

394 2497 400 2510 .
464 2456 510 2517 vel
532 2457 628 2520 ebrus
650 2462 682 2521 in
701 2458 776 2521 cibo.
804 2460 853 2521 alii
876 2461 971 2540 capita
985 2474 1034 2520 xx
1056 2468 1123 2521 tusa
1143 2477 1215 2521 cum

267 2755 285 2803 2
303 2763 338 2804 ex
356 2765 432 2819 equa
449 2751 547 2876 “lida
565 2753 660 2809 More.
676 2753 753 2824 (Pl).
821 2760 839 2809 4
857 2754 972 2810 debebit
988 2770 1018 2825 9:
1038 2754 1124 2810 debet
1141 2754 1189 2810 db.
1209 2755 1214 2828 Ι

197 2821 584 2972 illibitil‘ltiliii
597 2825 957 2966 laeteretur,
975 2824 1215 2952 eieciat:

200 2960 294 3032 {vasu
313 2961 355 3015 bie
371 2961 398 3044 pi
425 2962 429 3032 Ι
454 2964 534 3020 uicti
552 2967 578 3022 d.
652 2972 668 3022 8
688 2966 843 3022 dicente-
854 2968 909 3038 (11)
924 2966 1053 3023 dicentur
1070 2983 1120 3022 occ
1141 2969 1167 3022 b.

198 3038 213 3085 9
234 3030 391 3087 dormitorii
404 3034 435 3088 d:
454 3033 508 3090 -cio
526 3052 551 3106 p.
618 3044 651 3093 10
669 3037 789 3093 tectorio
806 3038 837 3093 id
856 3040 899 3093 est
916 3038 1079 3109 capsellcd)
1094 3038 1189 3094 Mure.
1208 3039 1212 3110 l

196 3101 350 3185 includitur
362 3119 398 3159 ec.
412 3104 502 3176 lienu
520 3107 662 3178 (P1.‚M)2
681 3109 839 3165 medebitur
852 3110 879 3164 d.
906 3162 910 3176 ,
929 3113 962 3163 11
981 3107 1053 3164 liem
1071 3110 1131 3180 (cic)
1149 3126 1176 3181 u.

198 3179 231 3226 12
256 3175 285 3228 et
306 3173 442 3231 hberatm
463 3178 490 3232 d.
509 3197 534 3234 v.
554 3179 573 3235 l.
593 3177 710 3235 Catulus
732 3185 779 3236 etc.
799 3181 823 3235 b.
897 3185 930 3234 13
953 3180 988 3235 de
1007 3179 1078 3236 viiio
1095 3181 1147 3250 pb:
1177 3179 1216 3236 de

197 3243 309 3327 vino'd.
334 3247 339 3314 Ι
364 3244 451 3301 duum
468 3249 520 3332 pb:
539 3250 658 3306 duorum
676 3252 704 3307 d.
750 3258 784 3306 14
801 3254 832 3306 et
849 3253 930 3307 aceto
947 3251 1028 3308 iuvat
1046 3252 1070 3307 b.
1116 3256 1151 3306 le
1164 3250 1216 3306 iri-

196 3316 525 3384 nacnu,herineee1d.
600 3327 634 3376 lc
653 3339 717 3377 eum
735 3323 821 3377 linii
886 3321 992 3378 semine
1010 3324 1040 3377 et
1057 3322 1143 3378 ultice
1162 3322 1217 3390 (sie

197 3387 393 3459 sumamma.
463 3397 496 3445 1'l
515 3394 630 3447 saneim·
647 3395 672 3449 b.
737 3393 923 3450 lenientem,
942 3393 1215 3464 dlinollcpdb

198 3458 278 3528 (Pi.):
307 3457 336 3514 in
359 3460 431 3517 ostio
451 3461 544 3517 Marc.
563 3480 594 3532 p.
615 3470 675 3520 loc.
701 3467 705 3533 1
734 3464 929 3520 dormitorium
952 3463 1018 3533 (riri
1036 3464 1065 3532 d)
1082 3466 1138 3534 ud:
1165 3463 1216 3520 -rii

197 3531 414 3601 (mauide
479 3535 635 3603 litaturi:
655 3537 726 3592 etb.
799 3534 1176 3605 ioeedutipbbssndd.

234 3605 267 3654 22
285 3600 378 3656 bibita
395 3601 478 3658 velet.
498 3602 522 3659 b.
591 3611 625 3660 23
644 3606 721 3676 lyeni
739 3607 763 3662 b.
789 3607 794 3675 i
818 3606 931 3662 bibulus
949 3607 975 3662 d.
