2620 4030
463 277 526 337 Ν-
575 240 638 306 139
686 279 727 288 -

159 441 201 498 V.
228 443 277 540 pe
299 443 423 500 malva.
1039 457 1084 512 Pr,

160 541 284 624 Malvarn
312 563 468 626 *molliendi
500 565 739 646 dissolvendique
767 577 906 630 naturam
938 534 1104 632 essem*

91 654 229 714 sortitam
247 670 363 731 graeco
374 653 517 716 vocabulo
541 656 611 718 licet
630 657 743 718 credas.
772 676 840 720 nam
858 675 923 720 απο
942 677 1004 720 του

91 743 275 821 potionasti}
296 742 444 804 malaohes
459 762 568 805 nomen
583 748 705 825 accepit.
734 749 897 808 interaneis
919 750 1003 809 item·
1071 801 1073 812 ,

91 848 151 909 que
173 832 287 891 vesicae
312 840 439 910 prosunt
461 835 492 893 in
516 832 583 894 cibo
607 844 751 915 sumptae.
788 839 861 896 item
884 836 1003 897 adseve-

64 928 160 980 ⁵rant
178 919 301 980 vulnera
319 923 452 981 recentia
475 921 554 983 loliis
572 923 735 985 malvarum
753 927 885 1005 itemque
905 925 1003 987 salicis

91 1009 182 1069 simul
195 1011 275 1070 tritis
293 1009 329 1070 ad
349 1012 505 1072 sanitatem
519 1029 615 1091 usque
635 1014 773 1094 perduci,
788 1014 894 1076 melius
914 1017 1003 1076 etiam
1075 1075 1078 1078 .

90 1099 226 1178 quamvls
246 1099 406 1178 emplastro
425 1102 585 1161 nominato.
622 1103 694 1162 item
714 1101 892 1166 addiderunt
909 1104 1003 1164 malva

79 1201 160 1248 cnm
184 1177 308 1266 axungia
332 1196 431 1248 vetere
455 1189 657 1268 pulcherrime
686 1199 876 1270 quassaturas
899 1193 1008 1256 foveri..
1048 1197 1063 1232 *

89 1275 175 1336 radix
189 1277 278 1337 nnius
293 1276 384 1338 caralis
399 1277 517 1339 admota
530 1279 613 1340 dentl
632 1277 716 1360 pellit
731 1280 872 1342 dolorem.
901 1280 1003 1342 eadem

53 1376 78 1416 ¹⁰
91 1366 200 1427 lemori
218 1365 332 1446 alligata
353 1366 485 1428 stimulat
499 1383 648 1430 venerem.
681 1369 784 1430 eadem
799 1371 899 1450 nigrae
919 1369 1002 1431 lanae

90 1451 230 1515 obvoluta
245 1463 275 1516 et
288 1453 398 1535 illigata
412 1472 607 1518 mammarum
621 1460 691 1519 vitia
706 1461 877 1538 compescit.
905 1458 1003 1539 Olym·

88 1546 155 1623 pias
178 1541 318 1604 Thebana
341 1543 489 1606 abortivas
511 1555 597 1626 putat
617 1565 682 1609 csse
701 1548 810 1609 malvas
830 1562 899 1610 cum
918 1547 1003 1628 adipe

90 1634 208 1694 anseris
231 1633 354 1713 genitali
376 1635 455 1714 parti
478 1635 637 1699 subiectas.

159 1719 265 1802 <Stant
291 1731 321 1784 et
345 1722 399 1783 alia
422 1741 498 1802 quae
522 1726 554 1786 in
577 1725 680 1787 malvis
708 1743 768 1786 non
791 1727 932 1787 inmerito
957 1745 1003 1786 re·
1036 1755 1073 1809 D·

50 1811 238 1890 aprehensa
267 1807 359 1890 sint>
397 1811 516 1874 Sextius
544 1814 636 1893 Niger
664 1823 693 1875 ct
722 1814 911 1875 Dioscorides
942 1823 1001 1875 sto·
1012 1831 1100 1892 2144.

89 1899 198 1960 macho
224 1900 346 1970 inutiles
374 1900 565 1964 arbitrantur.
602 1902 791 1964 Dioscorides
820 1911 851 1963 et
873 1902 1002 1964 Galenus
1022 1915 1085 1970 (iat.

88 1990 288 2051 criminantur
306 1991 336 2050 in
355 1990 461 2052 malvis
485 1992 563 2070 qood
583 2010 692 2072 corpus
711 1993 831 2052 minime
851 1991 930 2052 alant
949 1991 1110 2052 sedatoaa.

88 2081 181 2139 citato
205 2079 289 2159 lapsu
312 2097 367 2158 per
390 2088 521 2140 meatum
543 2084 656 2142 ventris
680 2090 845 2162 erumpant.

157 2166 212 2228 Est
239 2177 270 2228 et
301 2170 428 2247 agrestis
456 2169 548 2231 malva
581 2171 713 2230 fortioris
742 2170 881 2252 effeetus,
914 2185 1003 2250 quam

163 2398 177 2446 1
205 2393 255 2448 icoc
280 2411 374 2448 coram
401 2395 515 2449 initium
541 2395 628 2450 statui
650 2396 708 2452 coll.
733 2397 781 2451 alt.
800 2396 864 2466 epit.
888 2400 913 2466 et
934 2395 972 2464 fr.
991 2405 1031 2446 111
1051 2396 1109 2449 cod.

88 2461 119 2518 S.
130 2463 204 2519 Gall.
215 2469 266 2519 toa
282 2465 396 2534 (Anecd.
410 2477 442 2524 rr,
458 2467 529 2531 129).
573 2471 589 2520 2
604 2465 679 2520 Nam
694 2465 914 2536 apotumalossin
928 2466 1110 2536 mal<a>ohes

88 2537 117 2602 (a
131 2537 164 2590 in
173 2549 228 2592 roa.
238 2538 265 2605 p)
279 2551 331 2607 po,
346 2535 410 2591 nsr'n
425 2531 717 2596 tnorortaanacn
731 2531 888 2598 nantas(
902 2539 911 2590 l
925 2537 1027 2607 (Nema
1040 2539 1110 2606 potu

87 2606 211 2662 molasui
224 2624 275 2663 sea
287 2607 432 2663 malaches
445 2625 468 2674 r,
487 2609 562 2663 Nam
576 2603 634 2661 cirri
650 2609 699 2662 τοῦ
715 2603 868 2678 μαλάσσειν
883 2608 918 2676 b).
956 2608 1110 2662 trocleae:

88 2678 232 2734 brassicas
251 2680 281 2749 (t)
298 2680 343 2734 rt.
360 2682 364 2746 t
381 2679 459 2734 Idem
477 2681 531 2750 pat
547 2679 621 2748 (Ass.
640 2678 710 2734 item
728 2680 784 2746 rb).
839 2685 853 2733 't
873 2677 1018 2733 nominato
1037 2680 1109 2748 (prc-

88 2748 170 2804 tiosis
189 2749 271 2818 Odot:
289 2749 435 2805 nominata
452 2752 512 2820 (sic)
531 2752 585 2820 pol
604 2750 716 2819 (Melius
734 2751 809 2805 enim
823 2750 1005 2819 emplastrum
1023 2749 1111 2805 iidem

88 2837 155 2875 eam
173 2820 305 2877 addidere
323 2827 371 2876 oto.
390 2823 445 2889 rb).
462 2823 466 2891 t
483 2821 561 2877 Idem
578 2823 633 2891 pol
651 2821 749 2889 (iidem
766 2823 822 2887 rb).
879 2827 913 2875 10
930 2821 960 2876 in
978 2837 1110 2877 venerem

88 2894 127 2946 ol.
146 2893 151 2959 1
165 2892 263 2962 nigrae
277 2892 359 2948 lanae
374 2893 509 2948 obvoluta
525 2910 577 2962 pc,
596 2892 675 2962 nigre
688 2893 753 2948 lane
766 2892 895 2948 involuta.
909 2893 931 2946 l:
950 2892 1031 2962 nigra
1044 2893 1111 2947 lana

87 2963 227 3019 obvoluta
244 2964 289 3019 rb.
341 2970 374 3019 11
394 2966 423 3019 et
440 2963 554 3034 illigata
568 2963 627 3032 (inl.
641 2965 677 3032 c.)
695 2981 747 3033 pc:
766 2981 816 3018 om.
836 2965 846 3017 l
864 2963 905 3032 (et
918 2963 1038 3034 alligata
1051 2965 1108 3033 rb).

90 3035 267 3106 {compescit
279 3036 351 3105 gob:
371 3035 556 3105 comprimitl
575 3035 759 3104 (concupiscit
772 3037 806 3104 r).
828 3037 831 3103 t
854 3034 1109 3104 Olympias-sub·

86 3106 191 3175 iacias,
209 3107 307 3162 Mace
321 3105 649 3162 Sextius-orbitrantar
663 3108 695 3160 in
709 3107 853 3176 principio
867 3107 986 3175 capitoli
1000 3112 1111 3176 ponant

88 3179 251 3234 occidente
273 3177 396 3233 Malvam
420 3177 637 3233 molliendi
667 3193 714 3247 epo
737 3178 911 3245 transposui,
940 3178 1112 3246 interpositos

86 3251 204 3318 insuper
214 3250 315 3318 primic
328 3251 404 3304 tertii
416 3250 566 3320 fragmenti
578 3249 666 3304 corbis
680 3265 714 3303 eor
727 3249 784 3305 eod.
799 3248 975 3304 1111111161
995 3249 1110 3318 (Aneed.

5 3345 6 3350 .
88 3331 120 3380 π,
138 3325 208 3390 128).
266 3325 298 3375 15
317 3319 430 3376 Sextius
449 3321 517 3390 (Pl.)
536 3321 585 3376 rb:
612 3320 712 3375 Sextus
730 3321 783 3390 pol
802 3319 896 3386 (Dio),
920 3319 1055 3374 Sextilius
1072 3321 1109 3386 fr.

5 3423 6 3426 ¹
88 3391 147 3448 cod.
167 3392 196 3448 S.
217 3391 290 3447 Gall.
311 3395 371 3448 162.
392 3395 395 3458 t
419 3395 451 3446 et
469 3390 639 3447 dioscorides
664 3407 714 3448 om.
733 3391 769 3458 fr.
789 3391 818 3446 S.
837 3389 912 3446 cort.
931 3405 992 3444 oum
1012 3390 1110 3444 Plinio

87 3467 152 3532 (oet.
170 3464 211 3532 of:
226 3457 319 3520 Dicor.
339 3468 420 3531 2‚144
444 3459 679 3533 κακοσπὸμαχος).
711 3463 783 3518 idern
805 3477 868 3516 moa
890 3460 1050 3517 arbitratur.

88 3541 123 3592 to
148 3533 326 3591 Dioscorides
348 3540 394 3591 etc.
420 3536 485 3589 leaeo
503 3539 569 3604 post
593 3533 747 3604 compescit
770 3535 804 3601 (o.
825 3533 869 3601 11)
898 3535 1051 3602 sequanica
1077 3531 1110 3586 in

85 3607 166 3665 codd.
183 3608 188 3677 Ι
204 3605 322 3676 galenus
340 3623 369 3674 c,
388 3605 515 3676 galienus
533 3623 579 3676 pr.
634 3609 668 3659 18
687 3606 795 3659 meatus
812 3605 850 3669 fr.
865 3602 895 3656 S.
909 3601 943 3657 G.
