2620 4030
586 223 828 289 -156—

309 395 373 450 tur:
411 385 579 450 inflationes
610 387 695 468 iacit,
726 385 829 452 oculos
860 382 994 465 hebetat,
1031 383 1219 446 stomachum

205 469 309 540 Pt.(20,
320 475 423 557 laedit,
441 477 522 540 sitim
539 477 642 555 gignit
669 474 722 536 sed
742 481 825 538 recte
842 473 958 536 Plinius
978 480 1082 534 noster
1101 473 1220 553 adiecit,

213 541 302 666 mffl
310 564 461 644 copiosius
479 571 626 643 sumptus.
656 563 737 626 unde
754 570 879 644 apparet
897 561 970 624 haec
988 561 1221 624 omniafrustra

310 651 452 734 adscribi,
476 654 502 713 si
524 652 646 714 modum
669 659 834 732 temperare
859 645 1039 730 nescimus>

237 803 282 860 Pl·
376 818 487 874 ΠΗ.
509 819 558 874 Da
582 816 699 874 ocimo.

212 881 300 944 Μ’
378 934 420 995 De
447 937 557 995 virtute
585 936 673 995 ocimi
700 952 793 1014 penes
816 931 948 994 medicos
974 935 1075 1012 opinio
1102 935 1249 994 incertae

311 1033 365 1085 est.
401 1040 469 1084 nam
497 1023 549 1102 qui
571 1030 693 1085 atrotcre
716 1021 882 1102 Chrysippo
909 1023 1117 1104 criminantur,
1145 1021 1221 1082 haec

310 1114 375 1173 eius
406 1113 476 1173 vitia
507 1118 700 1192 percensent,
736 1111 816 1190 quod
849 1112 888 1172 sit
919 1109 1070 1172 stomacho
1102 1110 1220 1192 inmiie,

310 1200 390 1281 quod
416 1200 521 1262 ocrdos
548 1198 682 1281 hehetet,
713 1199 794 1279 quod
821 1201 966 1260 insaniam
992 1199 1094 1280 iaciat,
1124 1201 1221 1260 iecori

310 1289 448 1351 obsistat:
470 1297 501 1350 et
519 1289 586 1351 ideo
601 1307 719 1368 capram
738 1306 833 1368 genus
850 1287 908 1348 hoc
926 1287 1036 1348 herbae
1055 1305 1220 1367 numquam

311 1380 431 1440 omnino
455 1380 636 1457 contingere.
673 1376 787 1438 addunt
809 1385 977 1459 praeterea,
1000 1378 1026 1436 si
1048 1377 1154 1437 tritum
1176 1375 1263 1436 la-10

310 1465 380 1546 pide
407 1473 582 1545 contegatur
609 1467 783 1545 scorpiones
811 1466 907 1546 gigni,
940 1465 1219 1526 commanducatum

311 1561 341 1614 et
363 1555 395 1614 in
418 1553 482 1614 sole
508 1555 640 1632 positum
661 1571 780 1615 vermes
807 1571 926 1636 creare,
952 1553 1107 1633 pediculos
1129 1555 1221 1614 etiam

310 1643 435 1702 nutrire.
471 1641 551 1703 nrm
576 1650 683 1722 putant
709 1643 766 1704 hoc
789 1660 856 1704 esse
883 1659 1073 1725 persuasum,
1102 1643 1220 1722 siquis

312 1747 347 1791 eo
370 1730 418 1790 die
441 1748 502 1810 quo
523 1732 654 1793 ocimum
677 1733 838 1812 sumpserit
860 1749 877 1791 a
900 1733 1057 1810 scorpione
1084 1731 1220 1812 feriatur,

310 1835 370 1879 non
393 1837 482 1899 posse
499 1818 613 1881 salvari.
649 1820 703 1881 sed
726 1823 777 1899 qui
800 1823 831 1880 in
854 1819 971 1881 diversa
988 1821 1128 1900 opinione
1147 1827 1265 1880 sunt1⁵

310 1907 384 1969 haec
407 1907 480 1970 ialso
503 1909 611 1970 tradita
634 1907 817 1970 adseverant.
854 1910 927 1986 quin
950 1911 1040 1970 immo
1063 1907 1218 1970 stomacho
1303 1939 1304 1992 ,

309 1995 433 2076 prodest
469 1997 547 2076 qnod
584 1997 751 2058 inflationes
783 1999 848 2058 eius
884 1998 1051 2059 ructuando
1083 1986 1219 2058 dis'soivit

311 2191 422 2264 pulvere
445 2193 603 2265 aanguinem
626 2191 770 2249 reicientes
785 2180 873 2253 curat.¹
903 2191 968 2250 iulia
989 2193 1047 2248 eius
1070 2192 1135 2248 trita
1156 2207 1219 2248 eum
1302 2249 1303 2258 ,

312 2275 369 2332 saie
391 2275 503 2332 vulnera
524 2277 675 2333 recentiora
698 2284 804 2334 curant
841 2292 934 2334 semea
956 2277 1014 2336 eius
1037 2276 1133 2334 tritum
1155 2291 1219 2334 cum

311 2359 373 2416 vino
395 2354 507 2434 potatur
521 2367 616 2418 contra
638 2359 786 2436 fungorum
808 2360 1035 2434 praesumtiones.
1065 2361 1138 2418 coeti
1157 2367 1218 2418 ato·
1235 2377 1266 2419 ao

311 2443 406 2500 macho
428 2443 524 2515 utiles,
546 2444 623 2502 crudi
645 2439 793 2503 utentibus'
807 2444 917 2503 malum.
1301 2513 1302 2550 ,

278 2651 296 2699 ,1
318 2645 433 2701 oeheiai
450 2645 558 2714 (ebetat
571 2648 661 2714 com).
678 2647 683 2715 ί
698 2645 881 2701 Esiomecum
900 2647 957 2702 eod.
1009 2649 1026 2699 i
1044 2644 1224 2716 pleniusuatte

205 2731 274 2772 corr.
293 2715 364 2771 cod·
406 2719 553 2771 tanmem
571 2718 629 2772 cod.
648 2717 753 2785 (meu
771 2718 861 2786 coro).
882 2720 887 2786 Ι
911 2717 1002 2774 maia
1022 2716 1156 2772 ediacribi
1178 2716 1221 2771 in·

205 2786 306 2841 obmod
326 2787 382 2840 eod.
443 2791 539 2842 5-16
562 2803 612 2843 oen.
632 2788 659 2842 d.
721 2787 1011 2856 dupinio-auctore
1033 2803 1084 2844 cm.
1102 2804 1127 2844 r.
1148 2789 1153 2854 Ι
1177 2787 1221 2842 in—
1300 2819 1301 2830 κ

204 2859 343 2912 eerteest
365 2854 461 2925 opinio
479 2858 503 2912 h.
572 2857 657 2928 oqui
674 2859 740 2928 pol:
773 2873 824 2913 om.
848 2859 872 2914 h.
895 2862 898 2928 Ι
924 2858 1135 2929 chrisippcpo,
1159 2874 1221 2928 orp-
1300 2855 1301 2873 ¹

204 2926 284 2996 cippo
303 2927 320 2982 i
338 2929 449 2996 [etque
467 2927 527 2984 eius
544 2928 615 2985 heac
632 2945 659 2984 v.
677 2946 706 3000 p.
723 2945 746 2985 r.
763 2931 768 2997 Ι
787 2929 858 2985 haec
875 2947 927 2985 om.
944 2947 969 2986 o.
1024 2931 1224 2999 ipereeesent

203 2998 265 3066 (aie)
284 3013 308 3050 o.
330 2999 334 3064 Ι
359 2997 436 3066 quod
458 2998 497 3054 aii
518 3016 539 3054 a.
558 2999 660 3056 inutile
682 3001 748 3070 pul:
776 3000 851 3069 quod
874 3000 951 3057 obsit
970 2999 1118 3056 stomacho
1136 3001 1184 3054 rh.

202 3067 340 3124 thebeth
349 3066 465 3139 (habuc,
475 3069 570 3126 ebetet
579 3072 607 3141 l).
621 3071 763 3142 qucdpoi.
772 3069 777 3142 Ι
786 3069 874 3127 iaciat
880 3073 948 3142 poi:
957 3069 1089 3143 rescierint
1100 3071 1221 3140 iecur-ip.

239 3144 255 3192 9
274 3137 395 3195 obsistat
412 3141 478 3211 pol:
502 3141 615 3197 obsistit
636 3143 681 3196 rb.
742 3147 775 3196 12
794 3142 853 3197 sole
871 3143 937 3213 pol:
961 3142 1018 3198 aede
1036 3141 1082 3197 rh.
1103 3144 1107 3212 l
1131 3141 1223 3211 pedu·

202 3208 280 3266 culce
302 3226 327 3265 o.
391 3217 425 3266 ta
448 3211 524 3266 Afn's
546 3211 641 3280 (nffiia
659 3213 680 3282 l)
701 3215 806 3296 putant
822 3213 876 3268 hoc
893 3214 960 3284 pol:
983 3213 1088 3284 Aphria
1107 3227 1224 3284 quoque

205 3280 259 3336 hoc
276 3283 437 3352 putenirh.
475 3285 666 3365 loauntpala
686 3284 800 3341 santrh.
833 3285 1019 3340 mathaeo:
1036 3283 1167 3339 Ocimum
1184 3287 1222 3338 at.

202 3369 243 3420 pr.
262 3357 309 3408 etc.
330 3356 335 3423 Ι
358 3353 428 3422 quin
445 3352 716 3410 immo—demulsit
732 3357 798 3425 pol:
825 3355 969 3425 quinimo
987 3354 1146 3410 inflationes
1162 3355 1223 3410 ato-

203 3423 298 3477 maohi
315 3427 398 3478 ructu
415 3423 543 3478 dissolvit
567 3426 689 3493 (coctum
712 3442 776 3480 cum
792 3429 888 3493 aceto,
911 3427 1099 3495 assumptum
1118 3443 1140 3480 r.
1159 3429 1225 3494 cic.)
1298 3451 1299 3461 ¹

201 3492 335 3635 edwii
349 3492 444 3630 3¹⁰?
455 3494 531 3618 lappis
548 3496 574 3550 d.
591 3496 596 3568 Ι
615 3496 751 3551 ructando
769 3496 854 3552 solvit
871 3498 919 3565 d!
940 3495 1076 3553 dissolvit
1101 3495 1225 3552 coetum

202 3577 240 3630 po
306 3578 349 3616 ‚e
399 3579 434 3617 c.
493 3581 531 3621 m.
