2620 4040
498 273 740 340 —183-

113 436 156 497 sc.
180 450 227 497 vr.
273 437 370 498 omnia
403 435 492 497 simul
518 444 577 498 tam
606 436 656 497 diu
690 435 899 515 decoquuntur
926 435 1021 497 donec

112 527 145 585 in
168 523 264 586 mellis
287 542 397 605 corpus
420 524 585 588 crassitudo
608 527 791 605 pinguescat.
829 543 864 585 ex
892 524 950 585 hoc
973 543 1021 584 cc=

112 612 211 674 clearc
235 612 346 692 grande
372 613 493 693 plenum
517 616 627 694 optime
655 616 756 675 ieiuno
780 613 901 674 cottidie
925 612 1021 673 datur.

112 704 214 781 ipsum
243 720 315 763 vero
346 702 594 765 medicamentum
631 702 791 764 salubriter
825 704 920 763 vitreo
952 717 1021 762 vaso
1065 737 1070 750 x

81 799 259 852 oservatnr.
295 791 328 852 iit
351 810 388 852 ex
411 809 447 852 eo
471 800 501 853 et
523 794 603 854 roitu
626 794 760 853 scenasia
783 808 858 871 quae
882 788 1115 887 omnibusffl,

113 887 184 940 nota
207 888 262 941 est.
474 879 478 889 '
1047 891 1101 958 34).

181 1079 287 1136 xm.
318 1079 369 1136 De
390 1079 492 1135 melo.

181 1197 370 1259 Dioscorides
397 1198 477 1278 quod
504 1197 540 1260 ad
564 1199 674 1259 aestiva
701 1197 777 1258 mala
804 1199 953 1279 pertineat
981 1197 1022 1257 lta
1036 1189 1074 1244 1)-
1090 1193 1116 1255 1,

113 1288 209 1348 sensit
231 1295 265 1348 ut
293 1304 327 1347 ea
351 1287 488 1349 crederet
510 1287 615 1368 llcgma
643 1288 782 1367 nutriret
799 1285 876 1347 iellis
899 1285 1022 1346 ardores
1047 1265 1107 1315 ¹⁶⁹·

114 1376 258 1457 excitare,
286 1375 453 1437 inflationes
481 1395 613 1457 movere,
644 1377 777 1436 nervosis
804 1373 941 1454 partibus
968 1375 1022 1434 rni-

72 1479 100 1518 ιο
113 1466 193 1524 ninrc
218 1466 386 1526 convenire.
423 1463 551 1526 Galenus
575 1483 634 1526 non
658 1465 756 1525 omnia
779 1463 929 1526 reicienda
951 1480 1019 1543 pro·
1043 1454 1107 1509 Gar.

113 1555 232 1614 nuntiat
259 1551 311 1614 sed
342 1571 417 1633 quae
441 1562 492 1614 aut
515 1556 613 1634 aquati
637 1553 751 1633 saporis
775 1560 826 1613 arrt
849 1553 947 1632 asperi
971 1530 1130 1612 aut¹¹¹’⁷⁶·

113 1640 191 1701 acidi
222 1649 272 1702 aut
304 1660 397 1722 prope
425 1644 552 1704 vanitate
582 1643 677 1704 dulcis
709 1649 885 1703 occurrunt:
917 1642 948 1700 in
975 1639 1022 1700 his

113 1737 230 1791 tantum
253 1748 319 1790 esse
337 1732 407 1792 vitia
427 1749 501 1812 quac
520 1732 631 1793 irustra
650 1728 788 1792 omnibus
807 1728 1023 1790 adiudicantur.

112 1961 142 2016 in
165 1961 227 2016 viuo
249 1966 313 2034 pota
328 1969 423 2019 contra
445 1960 591 2018 lumbricos
606 1968 634 2018 et
656 1961 743 2018 tineas
758 1959 869 2016 ventris.
906 1959 1023 2015 cortices

73 2053 100 2095 15
114 2046 202 2101 siccae
217 2059 278 2101 oum
294 2044 372 2119 gallis
388 2060 474 2120 aeque
488 2047 568 2102 tritae
582 2046 646 2102 vitia
661 2044 782 2101 dentium
797 2049 901 2100 curant.
929 2050 1023 2099 coctae

114 2131 143 2185 in
165 2130 228 2185 vino
251 2136 280 2185 et
301 2131 381 2187 tritae
403 2131 548 2205 perniones
563 2139 592 2187 et
615 2136 736 2187 tumores
759 2143 854 2185 omnes
877 2133 972 2184 curant
993 2134 1024 2182 et

114 2213 239 2288 gingivas
262 2220 409 2272 tumentes.
446 2231 516 2289 aqua
537 2216 566 2272 in
588 2231 640 2290 qua
664 2222 756 2273 coctae
778 2213 877 2270 inerint
901 2212 1024 2287 gargari-

114 2305 193 2354 zatur
214 2307 309 2356 contra
332 2315 441 2356 unarum
463 2308 595 2357 tumores.

180 2381 245 2440 Flos
267 2382 461 2460 simulacris,
484 2385 531 2458 qni
554 2386 660 2458 cytinus
675 2399 737 2440 roas
754 2390 879 2447 vocatur,
903 2381 1024 2438 siccatur

74 2481 101 2522 ao
114 2468 142 2524 in
165 2465 276 2540 umbra,
298 2469 381 2526 tritus
402 2470 430 2526 in
452 2469 591 2543 pulverem
613 2467 738 2526 omnibns
752 2465 909 2542 uulneribus
932 2464 1023 2522 mede·

116 2561 171 2609 tur.
208 2568 270 2609 cum
292 2551 371 2609 melle
393 2555 475 2610 tritus
490 2553 598 2610 vulnera
620 2555 675 2609 oris
697 2560 783 2609 curat.
821 2549 973 2606 balaustion
995 2546 1023 2603 id

115 2643 159 2691 est
180 2635 318 2694 centifolia
341 2635 393 2693 llos
416 2639 474 2694 cius
495 2637 584 2696 siccus
605 2639 687 2694 tritus
702 2636 814 2692 vulnera
836 2649 905 2707 quae
927 2632 1024 2688 lrnmo·

116 2735 174 2776 rem
197 2727 244 2778 ant
265 2723 425 2796 sanguinem
440 2723 552 2779 mittunt
574 2722 703 2782 desioeat.
733 2726 858 2777 cocturas
881 2713 942 2792 (sic)
959 2731 1025 2772 ocu·

116 2805 207 2862 lorum
229 2813 258 2863 et
279 2804 397 2864 lancium
418 2824 479 2864 cnm
502 2806 582 2864 melle
604 2808 717 2863 mixtum
737 2803 820 2861 tollit.

116 2925 330 2934 ....-.-.---——-.

190 3060 204 3107 1
229 3052 330 3110 Omnia
351 3054 418 3124 cul:
446 3069 517 3124 quae
541 3053 635 3108 omnic
657 3053 702 3108 rb.
728 3054 732 3120 Ι
758 3053 915 3122 coquuntur
936 3054 982 3110 rb.
1050 3059 1066 3108 2
1089 3053 1132 3108 Ex

116 3125 172 3180 hoe
189 3126 255 3194 qul:
280 3141 387 3195 exque
405 3125 450 3180 rb.
472 3123 476 3196 Ι
502 3123 626 3180 cocleare
644 3123 710 3194 qul:
738 3123 848 3180 coclear
865 3140 881 3178 r
904 3125 1042 3192 (cochlear
1060 3126 1096 3194 b),

115 3195 261 3252 30btimo
278 3212 304 3266 9.
330 3199 334 3264 Ι
359 3194 476 3251 cottidie
492 3211 524 3264 a:
551 3194 655 3250 cotidie
672 3195 713 3250 cl.
780 3201 882 3250 traso
900 3211 952 3266 qu:
978 3211 1045 3251 resa
1063 3197 1074 3251 l
1093 3195 1133 3263 (in

117 3283 184 3322 rese
202 3268 259 3336 rb).
319 3272 335 3322 b
354 3266 489 3322 Fit-est
507 3281 558 3322 orn.
570 3267 617 3321 rb.
634 3268 637 3334 l
654 3262 751 3336 §ciaon
764 3267 914 3321 essecutus
932 3266 1008 3322 scitu
1021 3265 1135 3336 ceyesie

116 3355 148 3407 y,
171 3340 255 3408 roytu
278 3337 389 3408 ceyasis
406 3353 436 3408 o,
463 3340 545 3408 yoitr'a
563 3336 677 3407 ceyssia
694 3337 712 3391 l.
776 3343 792 3391 6
811 3338 854 3392 est
870 3338 916 3392 ct:
944 3355 973 3392 cs
992 3338 1051 3404 (sie)
1070 3353 1096 3406 9.

119 3415 139 3464 7·
154 3409 332 3465 Dioscorides
354 3410 399 3464 ln'c
420 3411 492 3479 uel
518 3407 637 3464 aestiva:
664 3403 700 3462 sd
723 3407 774 3462 τοῦ
798 3405 881 3478 ἔαρος
903 3401 1067 3478 ἀκμάζοντα
1085 3407 1133 3473 Η,

117 3495 206 3534 verns
224 3481 270 3536 Pl.
289 3486 394 3551 2³,100.
416 3483 420 3550 Ι
444 3480 587 3550 pertineat
603 3495 655 3548 yos
683 3480 744 3534 net
760 3479 846 3548 rb(l).
902 3484 936 3533 10
956 3476 1090 3533 Gallenos
1107 3493 1135 3542 c,

117 3549 252 3606 Gelienus
270 3551 334 3622 l(r).
399 3557 431 3606 11
451 3550 549 3620 musti
566 3567 617 3620 qe:
641 3549 703 3604 -tici
721 3550 757 3605 rb
768 3550 806 3620 (l).
867 3553 900 3604 12
918 3547 1045 3604 vanitate
1066 3549 1134 3617 eelz

117 3637 169 3677 om.
188 3623 233 3677 rb.
290 3629 323 3677 18
343 3640 369 3692 q.
389 3623 516 3678 omnibus
534 3622 638 3678 sturno
656 3621 674 3676 l.
