2620 4040
591 283 633 290 —-
682 245 745 310 182
775 281 833 322 ,-

241 397 286 454 Pi.
380 404 428 468 Fit
452 425 488 467 ex
511 408 594 468 acido
617 409 726 487 punico
755 406 1005 469 medicamentum
1027 409 1186 469 stomatice
1211 427 1227 468 a

217 476 304 538 ²³25&
317 493 438 556 Graccis
456 498 653 577 nominmum,
676 499 762 558 cuius
786 498 960 575 compositio
980 496 1145 557 eiusmodi
1169 505 1227 558 est.

315 584 448 646 detracto
477 589 588 647 cortice
615 585 690 646 mala
718 585 900 665 tunduntur,
928 603 965 646 ex
986 585 1034 646 liis
1057 603 1149 647 sucus
1175 604 1227 646 ex-

314 676 466 754 primitur,
494 676 520 735 is
544 675 685 736 decoctus
708 675 744 735 ad
772 677 876 736 tertias
899 692 968 736 etun
995 673 1032 735 ad
1059 676 1229 735 sextarium

313 765 429 824 renent
451 765 533 824 croci
554 761 597 825 sc.
621 777 673 845 v1,
695 781 812 842 myrrae
834 763 877 823 sc.
901 777 951 844 vt,
975 762 1113 826 aluminis
1136 765 1253 825 scissi⁵

313 867 356 928 so]
375 883 425 949 vl,
449 868 544 929 mellis
567 871 671 948 optimi
692 869 742 931 hb.
761 885 783 930 1.
819 870 876 931 hoc
899 869 1114 931 medicamento
1137 889 1228 948 prae-

314 958 400 1036 cipue
434 956 553 1036 quidem
581 961 642 1019 oris
669 960 739 1019 vitia
767 967 922 1040 sanantur,
953 976 1058 1019 verum
1090 965 1121 1019 et
1153 961 1228 1020 vitia

313 1047 430 1106 narium
453 1047 568 1126 mitigat
591 1053 621 1107 et
644 1049 762 1110 aurium
784 1047 907 1110 vulnera
931 1055 1074 1128 expurgat
1097 1055 1128 1108 et
1152 1065 1227 1108 ocu·
1300 1087 1301 1152 t

313 1132 410 1196 lorum
439 1134 594 1214 caliginem
620 1135 756 1217 discutit,
787 1137 889 1198 ulcera
921 1139 1011 1198 etiam
1041 1135 1226 1214 genitalibus
1300 1153 1301 1230 y

239 1217 284 1270 Pl·
312 1225 413 1285 innata
440 1231 587 1304 persanat.
623 1224 714 1286 litet
740 1225 814 1286 hacc
837 1227 1013 1305 compositio
1036 1224 1072 1284 de
1100 1227 1225 1304 punicis
1240 1237 1264 1276 1⁰
1300 1233 1301 1314 l

215 1291 391 1392 ²4²⁷⁹apud
419 1312 548 1374 Graecos
575 1315 696 1394 oporice
724 1313 803 1376 dicta
831 1322 934 1376 contra
961 1329 1127 1374 marcorem
1163 1323 1225 1375 sto·
1300 1326 1301 1376 t

313 1401 410 1462 machi
433 1419 466 1462 ac
490 1401 640 1463 fastidium
659 1405 836 1464 necessaria.
863 1405 895 1464 in
914 1404 1020 1482 congio
1039 1403 1131 1463 musti
1152 1421 1225 1462 con·
1300 1395 1301 1440 t

311 1492 444 1550 iciuntur
467 1484 599 1569 quinque
626 1493 748 1573 punica,
775 1491 899 1554 totidem
924 1498 953 1552 et
977 1490 1121 1571 cydonea,
1152 1510 1225 1552 cum
1300 1513 1301 1604 p

312 1577 358 1637 bis
378 1577 536 1639 sorborum
555 1581 715 1661 sextarius,
736 1583 813 1642 roris
833 1582 940 1660 syriaci
959 1581 1120 1660 sextarius,
1140 1581 1226 1640 croci
1300 1615 1301 1664 y

206 1801 310 1871 (tt-96)
381 1789 544 1848 Punicorum
567 1793 667 1852 multae
689 1795 813 1852 virtutes.
853 1801 918 1850 sunt
940 1791 1027 1849 dulcia
1050 1791 1124 1848 acida
1146 1793 1262 1849 vino-15
1300 1791 1301 1862 y

312 1873 386 1931 lenta
401 1875 504 1932 acerba.
543 1876 630 1934 dulcia
653 1877 754 1935 habent
775 1873 880 1951 aliquid
902 1875 1017 1950 caloris,
1044 1883 1073 1932 ct
1094 1875 1159 1932 ideo
1182 1878 1224 1932 in·
1300 1887 1301 1964 p

312 1959 436 2018 dationes
451 1961 584 2019 stomachi
595 1969 704 2019 movent
719 1970 748 2020 et
761 1969 914 2036 egeruntur
927 1969 955 2017 et
969 1962 1067 2036 partim
1083 1961 1222 2018 nutriunt.

312 2044 527 2102 febricitantibus
554 2063 609 2102 non
641 2047 750 2105 danim.
800 2047 874 2103 acida
908 2045 1049 2120 frigidiora
1077 2045 1223 2103 stomacho
1300 2041 1301 2050 ’

311 2129 493 2186 accommoda.
523 2132 627 2188 urinam
648 2139 773 2209 movent,
795 2130 938 2206 pulmones
953 2131 1132 2205 refrigerant,
1156 2131 1224 2187 ioci-

311 2229 377 2270 nere
404 2213 590 2272 laborantibus
617 2223 792 2274 succurrunt.
835 2215 972 2273 vinolenta
1003 2216 1031 2271 in
1059 2230 1112 2270 usu
1138 2223 1223 2271 erunt
1237 2227 1262 2267 so

311 2297 425 2354 meliora
446 2298 610 2372 supradictis
632 2301 696 2374 quia
717 2300 820 2358 mediae
834 2299 943 2364 virtutis
959 2307 1033 2356 sunt.
1063 2297 1160 2356 acerba
1174 2297 1222 2356 illa
1300 2313 1301 2320 ¹

311 2388 376 2437 sunt
404 2380 502 2454 quibus
529 2386 603 2440 coria
630 2393 770 2443 curantur.
813 2383 944 2458 frigidam
969 2385 1073 2442 siccant
1100 2390 1128 2440 et
1155 2399 1222 2440 con·
1300 2379 1301 2426 ἶ

311 2466 461 2540 stringunt.
497 2483 563 2541 prae
584 2471 608 2524 is
630 2469 756 2527 omnibus
779 2480 907 2544 apyrena,
919 2467 1098 2542 appellantur.
1134 2485 1221 2525 sucus
1300 2469 1301 2546 l

311 2549 443 2608 malorum
471 2560 647 2626 granatomm
680 2554 818 2611 acidorum
844 2553 1015 2610 stomachum
1046 2553 1219 2610 nausiantem
1300 2557 1301 2593 l

310 2637 485 2712 constringit.
1235 2652 1259 2692 25
1300 2597 1301 2684 l

373 2719 441 2777 lfala
464 2738 525 2780 cum
548 2724 639 2796 granis
662 2725 718 2780 suis
740 2725 768 2779 in
790 2723 857 2779 duas
879 2729 970 2797 partes
992 2721 1076 2778 divisa
1098 2723 1126 2778 in
1148 2737 1220 2796 aqua
1300 2719 1301 2744 ³

310 2810 389 2860 cocta
411 2807 489 2879 potui
512 2804 575 2863 dato
598 2807 721 2866 coeliacis
737 2817 765 2864 et
787 2807 975 2882 dysentericis.
1012 2807 1120 2882 integra
1142 2817 1221 2864 cocta
1300 2839 1301 2864 t

277 3012 291 3061 1
311 3007 458 3064 stomatice
475 3009 601 3080 auct),
620 3025 681 3064 -cae
699 3026 728 3064 c:
748 3008 916 3066 stomaticen
933 3023 949 3062 r
968 3002 1152 3078 (σωματικὸν
1165 3008 1219 3077 ct).
1300 3003 1301 3054 i

241 3076 295 3132 tis
310 3076 442 3133 decoctus
455 3082 487 3135 cl
497 3081 537 3150 (d,
552 3081 580 3136 a's
593 3080 711 3136 decoctu
720 3083 760 3150 r):
778 3078 823 3136 his
837 3077 961 3135 decoctis
974 3094 1000 3148 y.
1042 3083 1058 3132 t
1073 3077 1111 3134 al.
1124 3078 1219 3134 eiecit.
1300 3059 1301 3115 l

242 3146 377 3202 tobtimi
395 3150 564 3223 p.llib.1p
582 3152 720 3220 (l’.1.ol):
738 3151 812 3207 libra
830 3167 899 3218 una,
921 3148 1087 3217 miscentur,
1106 3149 1136 3204 et
1155 3150 1219 3206 ext

204 3217 296 3284 (libra.
315 3239 334 3274 1.
353 3219 555 3291 admiscentur,
574 3226 604 3280 et
622 3238 657 3279 ex
673 3226 708 3292 r).
736 3223 782 3280 sed
799 3222 835 3290 cs.
851 3221 928 3275 Plio.
983 3219 1074 3275 'toris
1086 3221 1141 3290 pol
1159 3220 1221 3289 (qui
1300 3287 1301 3300 χ

204 3287 343 3345 demeris
364 3292 405 3348 sic
425 3295 466 3363 p):
490 3297 521 3350 et
536 3293 662 3350 humoris
684 3295 753 3362 ctat
779 3289 1065 3348 sanantur-narium
1087 3306 1139 3346 om.
1158 3307 1181 3346 r.
1300 3305 1301 3360 ,

203 3361 348 3418 suarium
366 3362 438 3420 vitia
455 3366 479 3420 b.
540 3372 572 3422 11
592 3381 689 3436 grecos
708 3364 804 3436 oporie
822 3365 916 3434 (greco
935 3360 1044 3432 soporis
1061 3362 1102 3418 sic
1118 3363 1146 3432 p)
1164 3362 1220 3432 pol
1300 3399 1301 3406 .

203 3431 290 3500 (quod
313 3432 444 3504 oporicen
466 3439 570 3493 vocant
593 3437 662 3506 Pi),
692 3434 738 3513 Gr.
761 3451 852 3505 opens
874 3435 920 3490 rb.
993 3438 1026 3488 tt
1049 3434 1156 3517 αυτ-οὺ
1176 3433 1216 3502 tl
1300 3449 1301 3514 y

203 3520 304 3600 congio
322 3525 387 3592 qai:
407 3523 468 3594 -gia
486 3525 531 3580 rb.
600 3531 633 3578 13
653 3525 710 3594 cyfi
722 3523 836 3594 o)donia
852 3522 955 3593 octub.
1025 3527 1059 3575 14
1077 3524 1149 3578 sext.
1166 3537 1193 3592 y.
1212 3521 1215 3590 l

203 3605 285 3646 roms:
305 3592 344 3647 sic
357 3596 411 3662 pot
421 3596 487 3665 (rb).
503 3596 508 3666 Ι
524 3595 598 3650 croci
612 3595 743 3666 (simplic.
756 3596 784 3665 c)
801 3593 938 3665 simplicis
956 3597 993 3652 sc.
1013 3594 1075 3664 (sc'r.
1089 3594 1110 3662 l)
1128 3613 1159 3648 vr
1177 3593 1217 3648 cl.
