2610 4040
463 249 682 312 -17-

67 421 137 474 sunt
150 411 195 472 vel
209 415 361 473 minimam
375 413 524 473 offensam.
549 415 610 472 scio
626 420 707 472 certe
723 431 810 491 quos-

67 502 134 560 dam
151 500 282 560 medicos
306 500 394 561 buius
414 502 575 562 curationis
591 499 646 561 sibi
666 519 811 561 summam

66 589 220 649 scientiam
252 589 415 648 vindicasse
443 597 475 649 et
506 607 626 668 magnas
658 589 811 649 mercedes

64 679 236 756 poposcisse
269 695 336 738 cum
369 677 510 738 adversus
543 675 663 737 morbos
695 679 812 738 aurium
855 749 857 754 Ι

39 775 160 825 ⁵unum
182 774 239 850 aut*
255 765 382 826 alterum
404 774 527 827 nossent
549 766 723 826 remedium.
756 785 811 826 nos

67 853 157 914 multa
171 855 363 934 proferimus,
378 863 411 914 ut
426 871 495 914 cum
509 873 557 914 res
573 855 704 933 exegerit
717 856 811 933 possi·
834 901 835 904 ,

67 944 213 1022 masnil,
236 960 305 1002 eum
329 961 364 1002 ex
388 944 413 1002 is
437 942 533 1020 aliqua
557 945 752 1003 occurrerint.

133 1027 201 1089 Gari
224 1030 396 1091 excellentis
420 1030 555 1112 cyathus,
574 1033 655 1091 ¹aceti
679 1030 813 1110 cyathus,
841 1039 930 1103 32‚78.

67 1135 144 1177 unus
167 1117 262 1178 mellis
286 1117 409 1197 cyathus
433 1127 462 1179 et
486 1119 643 1184 dimidius:
665 1121 697 1178 in
721 1118 811 1178 calice

31 1214 54 1252 1⁰
67 1224 141 1265 novo
177 1208 288 1266 sensim
323 1206 513 1288 decoquitur,
550 1225 654 1286 spuma
687 1205 812 1267 subinde

66 1311 162 1371 penna
193 1293 322 1373 tollitur,
357 1302 388 1355 et
417 1313 486 1355 cum
518 1313 621 1374 spuma
659 1293 814 1374 resederit,

67 1389 236 1442 removetur
269 1390 298 1442 et
335 1401 371 1442 ex
403 1401 438 1443 eo
471 1383 605 1462 tepidum
637 1382 813 1443 infunditur.

68 1469 102 1528 ad
130 1487 233 1530 omnes
260 1470 424 1530 infusiones
452 1472 602 1533 auriculae
631 1463 814 1550 conchyliata
843 1481 931 1544 3277.

67 1557 130 1616 lana
158 1557 338 1639 obturandae
367 1566 444 1619 sunt.
481 1577 621 1620 ranarum
650 1560 739 1638 adeps
767 1577 813 1618 re·
843 1569 931 1633 3278.

34 1653 55 1694 15
67 1647 174 1706 missus
197 1645 357 1706 instillatus
384 1645 517 1707 dolorem
544 1651 642 1708 statim
666 1647 751 1708 tollit.
789 1648 815 1706 sl

67 1741 182 1793 tument
196 1751 283 1794 aures
298 1752 370 1793 suco
390 1734 532 1795 coliandri
552 1735 728 1814 mitigandae
744 1743 814 1796 sunt

68 1823 157 1899 prius.
195 1840 285 1881 sucus
304 1821 431 1883 hederae
450 1824 567 1902 tepidus
587 1842 655 1884 cum
674 1825 741 1883 vino
770 1824 813 1882 in·
843 1833 930 1896 2477.

68 1908 201 1969 stillatur.
226 1909 284 1969 mel
302 1928 370 1970 curn
389 1913 504 1971 rosacio
523 1911 644 1972 inditur.
669 1911 727 1971 mel
746 1929 814 1970 eum
843 1921 949 1984 22,108‚

69 1999 180 2057 rosacio
205 2004 235 2056 et
262 2016 368 2058 manna
391 2000 467 2059 terris
495 2000 531 2058 ad
558 2002 652 2060 instar
676 1999 814 2059 coclearii
844 2015 847 2020 ’
888 2004 905 2037 *

34 2092 56 2132 2⁰
69 2084 243 2146 adiciuntur.
271 2085 327 2146 hoc
351 2093 380 2146 et
399 2087 522 2147 vulnera
541 2096 623 2149 sanat
647 2095 683 2158 et
695 2105 815 2147 umores

69 2174 205 2234 exsiccat.
246 2192 352 2252 parum
379 2174 533 2236 audientes
560 2176 674 2236 utiliter
698 2183 815 2235 acetum
844 2185 933 2247 auca.
1008 2201 1012 2209 ¹

70 2263 258 2340 gargarizant.
286 2263 486 2323 auricularum
503 2264 642 2324 fracturis
657 2264 815 2324 medentur
844 2269 951 2337 70104.

70 2346 149 2409 bulbi
173 2351 236 2410 triti
259 2357 289 2410 et
312 2353 438 2429 appositi
464 2358 494 2411 et
518 2353 621 2430 quinto
645 2352 692 2412 die
717 2350 814 2424 soluti.

72 2436 206 2497 loliorum
225 2437 293 2499 rubi
314 2440 346 2498 in
364 2457 423 2516 quo
444 2457 526 2499 mora
539 2447 704 2500 naseuntur
723 2457 814 2499 sucus
843 2449 948 2512 24‚119.

35 2529 58 2570 ¹⁵
72 2525 186 2604 tepidus
213 2525 381 2587 instillatur.
423 2527 462 2588 lel
489 2528 612 2606 pecudis
635 2546 704 2589 eum
728 2527 814 2587 melle
843 2537 948 2598 29,133.

46 2694 51 2706 Ι
71 2630 154 2674 aures
173 2613 293 2693 purgat.¹
326 2616 424 2675 canini
446 2615 531 2676 lactis
556 2615 706 2676 instillatio
732 2614 815 2674 sedat
879 2616 916 2671 ab.

138 2803 333 2859 3vendioasse
346 2804 413 2859 drb.
465 2771 595 2858 oexilrit
618 2802 677 2870 (sio)
699 2818 724 2870 p.
777 2807 791 2855 7
810 2801 835 2856 is
849 2802 880 2856 d:
904 2799 948 2855 hir
969 2800 1037 2870 prb.

71 2876 86 2925 8
105 2874 188 2942 cyclis
206 2890 237 2942 9,
256 2873 384 2944 oi[t]atus
398 2874 431 2940 d,
448 2873 565 2942 cyathus
579 2893 590 2928 1
603 2874 648 2927 rb.
686 2879 702 2927 9
717 2873 836 2943 (cyanus)
854 2890 926 2926 unus
940 2888 970 2940 9,
989 2891 1000 2926 1
1014 2871 1054 2925 dr
1062 2871 1086 2926 b.

44 2979 47 2982 ·
70 2945 204 2998 molensi
230 2960 291 2999 oum
317 2960 368 3013 aeq.
416 2949 449 2998 1o
468 2943 584 2998 subinde
607 2945 651 2997 als
676 2942 768 3012 prime
791 2943 892 3013 (prima
915 2944 966 3012 bm)
990 2957 1084 3012 penna

67 3013 177 3070 tollitur
205 3016 255 3084 (sic
278 3015 336 3070 ulia
359 3015 470 3070 lectione
490 3016 523 3068 in
545 3015 605 3082 ipso
632 3019 710 3068 textu
732 3015 849 3082 0000070)
873 3031 896 3068 r.
990 3019 1021 3067 11
1041 3029 1086 3068 re·

67 3086 182 3140 cesserit
199 3087 244 3140 rb.
336 3091 368 3140 12
388 3087 546 3141 removetur
565 3086 609 3153 (so.
630 3085 666 3140 ab
684 3085 763 3154 igne,
781 3089 813 3140 ut
833 3084 877 3143 Μ
891 3100 922 3152 p.
942 3088 975 3138 75
995 3085 1085 3152 sured:

66 3157 218 3212 renovetur
232 3157 251 3211 d
269 3158 329 3226 (om.
342 3156 516 3224 Menapii
531 3157 596 3210 med.
612 3156 703 3211 ecdem
718 3156 753 3212 nl.
760 3173 791 3224 p.
803 3161 845 3209 77.
857 3157 910 3223 82).
967 3160 1000 3208 13
1019 3170 1083 3208 oon-

67 3226 185 3282 oblliata
203 3227 234 3294 d,
253 3226 426 3296 conquiliate
444 3243 461 3296 p
480 3227 539 3296 (sed
557 3243 623 3282 mox
641 3225 813 3295 conquiliate
830 3227 885 3294 rb).
934 3231 967 3278 16
977 3222 1082 3280 colian-

65 3295 108 3351 dri
126 3314 159 3366 p:
179 3295 319 3352 coriandri
337 3298 404 3353 drb.
430 3299 435 3365 1
461 3299 532 3352 sunl.
552 3296 633 3351 Prius
652 3299 683 3366 d,
703 3297 779 3364 suns,
803 3296 852 3351 sed
870 3295 946 3365 prius
964 3295 1013 3349 rb.

67 3372 97 3420 17
119 3384 186 3421 oum
205 3367 266 3421 oleo
286 3368 331 3422 Pl.
387 3373 420 3423 18
439 3367 496 3422 mel
514 3385 536 3422 o.
555 3385 577 3422 r.
595 3367 614 3421 i.
634 3387 670 3422 m.
690 3383 712 3422 0.
731 3385 753 3420 r.
773 3369 802 3422 et
820 3381 923 3421 manne
939 3367 998 3435 prb
1018 3365 1086 3435 (olei

64 3439 138 3505 quod
154 3437 265 3506 melque
279 3439 339 3508 rb):
359 3438 416 3492 mel
433 3454 578 3494 rosaceum
596 3439 625 3493 et
643 3453 747 3492 menne
765 3437 999 3506 (eremeticam
1014 3436 1085 3490 mute

63 3508 184 3576 repetitu
205 3509 370 3576 uiderentur)
396 3509 422 3563 d.
508 3514 540 3562 19
559 3509 679 3563 cocleari
696 3509 723 3563 d.
805 3514 840 3562 20
858 3508 988 3562 humores
1006 3505 1082 3575 prb:
1115 3535 1117 3540 v

64 3579 195 3634 tumores
213 3579 239 3633 d.
312 3584 345 3634 23
365 3578 445 3648 pulbl
463 3596 489 3648 9.
514 3580 518 3648 Ι
543 3599 568 3633 v.
589 3579 634 3634 die
652 3580 679 3634 d.

119 3681 189 3722 nunu
203 3681 297 3722 rumora
310 3681 428 3722 monens.
906 3671 922 3718 2
