<?xml version="1.0" encoding="UTF-8"?>
<!DOCTYPE html PUBLIC "-//W3C//DTD XHTML 1.0 Transitional//EN"
    "http://www.w3.org/TR/xhtml1/DTD/xhtml1-transitional.dtd">
<html xmlns="http://www.w3.org/1999/xhtml" xml:lang="en" lang="en">
 <head>
  <title>
</title>
<meta http-equiv="Content-Type" content="text/html;charset=utf-8" />
  <meta name='ocr-system' content='tesseract 3.04.00' />
  <meta name='ocr-capabilities' content='ocr_page ocr_carea ocr_par ocr_line ocrx_word'/>
</head>
<body>
  <div class='ocr_page' id='page_1' title='image "./pliniisecundiqu04plingoog_0089.png"; bbox 0 0 2620 4030; ppageno 0'>
   <div class='ocr_carea' id='block_1_1' title="bbox 603 228 824 290">
    <p class='ocr_par' dir='ltr' id='par_1_1' title="bbox 603 228 824 290">
     <span class='ocr_line' id='line_1_1' title="bbox 603 228 824 290; baseline 0.005 -19"><span class='ocrx_word' id='word_1_1' title='bbox 603 228 824 290; x_wconf 68' lang='lat'>..80-</span> 
     </span>
    </p>
   </div>
   <div class='ocr_carea' id='block_1_2' title="bbox 340 389 1224 738">
    <p class='ocr_par' dir='ltr' id='par_1_2' title="bbox 340 389 1224 647">
     <span class='ocr_line' id='line_1_2' title="bbox 373 389 1224 470; baseline 0.005 -22"><span class='ocrx_word' id='word_1_2' title='bbox 373 394 409 448; x_wconf 80' lang='lat' dir='ltr'><strong>ib.</strong></span> <span class='ocrx_word' id='word_1_3' title='bbox 475 410 542 452; x_wconf 90' lang='lat' dir='ltr'><strong>cum</strong></span> <span class='ocrx_word' id='word_1_4' title='bbox 574 389 660 451; x_wconf 90' lang='lat' dir='ltr'><strong>melle</strong></span> <span class='ocrx_word' id='word_1_5' title='bbox 693 389 858 451; x_wconf 89' lang='lat' dir='ltr'><strong>decoctum.</strong></span> <span class='ocrx_word' id='word_1_6' title='bbox 904 390 1024 469; x_wconf 89' lang='lat' dir='ltr'><strong>quidam</strong></span> <span class='ocrx_word' id='word_1_7' title='bbox 1061 390 1097 450; x_wconf 91' lang='lat' dir='ltr'><strong>ad</strong></span> <span class='ocrx_word' id='word_1_8' title='bbox 1130 409 1224 470; x_wconf 87' lang='lat' dir='ltr'><strong>panos</strong></span> 
     </span>
     <span class='ocr_line' id='line_1_3' title="bbox 340 479 1224 557; baseline 0 -17"><span class='ocrx_word' id='word_1_9' title='bbox 340 491 445 554; x_wconf 72' lang='grc'><strong>32100.</strong></span> <span class='ocrx_word' id='word_1_10' title='bbox 474 487 600 541; x_wconf 90' lang='lat' dir='ltr'><strong>utuntur</strong></span> <span class='ocrx_word' id='word_1_11' title='bbox 630 479 684 540; x_wconf 88' lang='lat' dir='ltr'><strong>hac</strong></span> <span class='ocrx_word' id='word_1_12' title='bbox 713 481 941 557; x_wconf 84' lang='lat' dir='ltr'><strong>compositione:</strong></span> <span class='ocrx_word' id='word_1_13' title='bbox 974 497 1060 538; x_wconf 89' lang='lat' dir='ltr'><strong>cerae</strong></span> <span class='ocrx_word' id='word_1_14' title='bbox 1088 486 1120 539; x_wconf 91' lang='lat' dir='ltr'><strong>et</strong></span> <span class='ocrx_word' id='word_1_15' title='bbox 1147 483 1224 540; x_wconf 89' lang='lat' dir='ltr'><strong>turis</strong></span> 
     </span>
     <span class='ocr_line' id='line_1_4' title="bbox 474 566 1224 647; baseline -0.001 -18"><span class='ocrx_word' id='word_1_16' title='bbox 474 569 629 630; x_wconf 79' lang='lat' dir='ltr'><strong>drachmas</strong></span> <span class='ocrx_word' id='word_1_17' title='bbox 656 570 787 647; x_wconf 86' lang='lat' dir='ltr'><strong>vicenas,</strong></span> <span class='ocrx_word' id='word_1_18' title='bbox 821 585 942 646; x_wconf 92' lang='lat' dir='ltr'><strong>spumae</strong></span> <span class='ocrx_word' id='word_1_19' title='bbox 971 569 1087 645; x_wconf 83' lang='lat' dir='ltr'>argenti</span> <span class='ocrx_word' id='word_1_20' title='bbox 1119 566 1224 630; x_wconf 91' lang='lat' dir='ltr'><strong>drach·</strong></span> 
     </span>
    </p>

    <p class='ocr_par' dir='ltr' id='par_1_3' title="bbox 474 651 1224 738">
     <span class='ocr_line' id='line_1_5' title="bbox 474 651 1224 738; baseline 0.001 -21"><span class='ocrx_word' id='word_1_21' title='bbox 474 676 537 718; x_wconf 88' lang='lat' dir='ltr'><strong>mas</strong></span> <span class='ocrx_word' id='word_1_22' title='bbox 569 651 631 738; x_wconf 74' lang='lat' dir='ltr'><strong>xu&#39;,</strong></span> <span class='ocrx_word' id='word_1_23' title='bbox 668 658 816 716; x_wconf 89' lang='lat' dir='ltr'><strong>muricum</strong></span> <span class='ocrx_word' id='word_1_24' title='bbox 851 657 961 716; x_wconf 84' lang='lat' dir='ltr'><strong>emeris</strong></span> <span class='ocrx_word' id='word_1_25' title='bbox 997 655 1154 716; x_wconf 80' lang='lat' dir='ltr'><strong>drachmas</strong></span> <span class='ocrx_word' id='word_1_26' title='bbox 1188 673 1224 718; x_wconf 82' lang='lat' dir='ltr'><strong>x:</strong></span> 
     </span>
    </p>
   </div>
   <div class='ocr_carea' id='block_1_3' title="bbox 473 743 1247 894">
    <p class='ocr_par' dir='ltr' id='par_1_4' title="bbox 473 743 1247 894">
     <span class='ocr_line' id='line_1_6' title="bbox 473 743 1247 824; baseline 0.001 -19"><span class='ocrx_word' id='word_1_27' title='bbox 473 747 671 824; x_wconf 79' lang='lat' dir='ltr'><strong>permiscetur</strong></span> <span class='ocrx_word' id='word_1_28' title='bbox 699 753 800 805; x_wconf 90' lang='lat' dir='ltr'><strong>tusum</strong></span> <span class='ocrx_word' id='word_1_29' title='bbox 831 752 860 804; x_wconf 93' lang='lat' dir='ltr'><strong>et</strong></span> <span class='ocrx_word' id='word_1_30' title='bbox 888 743 1007 804; x_wconf 83' lang='lat' dir='ltr'><strong>additur</strong></span> <span class='ocrx_word' id='word_1_31' title='bbox 1030 763 1066 804; x_wconf 93' lang='lat' dir='ltr'><strong>eo</strong></span> <span class='ocrx_word' id='word_1_32' title='bbox 1093 745 1153 806; x_wconf 93' lang='lat' dir='ltr'><strong>olei</strong></span> <span class='ocrx_word' id='word_1_33' title='bbox 1178 755 1247 806; x_wconf 72' lang='lat' dir='ltr'><strong>vsa-5</strong></span> 
     </span>
     <span class='ocr_line' id='line_1_7' title="bbox 473 832 696 894; baseline 0 -1"><span class='ocrx_word' id='word_1_34' title='bbox 473 836 547 894; x_wconf 89' lang='lat' dir='ltr'><strong>teris</strong></span> <span class='ocrx_word' id='word_1_35' title='bbox 570 832 696 894; x_wconf 87' lang='lat' dir='ltr'><strong>hemina.</strong></span> 
     </span>
    </p>
   </div>
   <div class='ocr_carea' id='block_1_4' title="bbox 541 979 857 1049">
    <p class='ocr_par' dir='ltr' id='par_1_5' title="bbox 541 979 857 1049">
     <span class='ocr_line' id='line_1_8' title="bbox 541 979 857 1049; baseline -0.006 -13"><span class='ocrx_word' id='word_1_36' title='bbox 541 981 599 1036; x_wconf 87' lang='lat' dir='ltr'><strong>VI.</strong></span> <span class='ocrx_word' id='word_1_37' title='bbox 623 979 677 1035; x_wconf 82' lang='lat' dir='ltr'><strong>Ad</strong></span> <span class='ocrx_word' id='word_1_38' title='bbox 700 981 857 1049; x_wconf 79' lang='lat' dir='ltr'><strong>strumas.</strong></span> 
     </span>
    </p>
   </div>
   <div class='ocr_carea' id='block_1_5' title="bbox 207 1081 1291 2487">
    <p class='ocr_par' dir='ltr' id='par_1_6' title="bbox 207 1081 1291 2487">
     <span class='ocr_line' id='line_1_9' title="bbox 342 1081 1225 1160; baseline -0.001 -19"><span class='ocrx_word' id='word_1_39' title='bbox 342 1092 446 1155; x_wconf 62' lang='lat' dir='ltr'><strong>aeneo.</strong></span> <span class='ocrx_word' id='word_1_40' title='bbox 542 1081 679 1160; x_wconf 83' lang='lat' dir='ltr'><strong>Caprifici</strong></span> <span class='ocrx_word' id='word_1_41' title='bbox 707 1081 849 1141; x_wconf 86' lang='lat' dir='ltr'><strong>corticem</strong></span> <span class='ocrx_word' id='word_1_42' title='bbox 876 1083 1225 1160; x_wconf 84' lang='lat' dir='ltr'><strong>intumescentem-puer</strong></span> 
     </span>
     <span class='ocr_line' id='line_1_10' title="bbox 474 1167 1226 1250; baseline -0.003 -18"><span class='ocrx_word' id='word_1_43' title='bbox 474 1170 604 1250; x_wconf 86' lang='lat' dir='ltr'><strong>impubis</strong></span> <span class='ocrx_word' id='word_1_44' title='bbox 626 1172 652 1231; x_wconf 91' lang='lat' dir='ltr'><strong>si</strong></span> <span class='ocrx_word' id='word_1_45' title='bbox 676 1169 808 1230; x_wconf 89' lang='lat' dir='ltr'><strong>detracto</strong></span> <span class='ocrx_word' id='word_1_46' title='bbox 827 1187 910 1229; x_wconf 91' lang='lat' dir='ltr'><strong>ramo</strong></span> <span class='ocrx_word' id='word_1_47' title='bbox 929 1167 1011 1229; x_wconf 90' lang='lat' dir='ltr'><strong>tollat</strong></span> <span class='ocrx_word' id='word_1_48' title='bbox 1034 1168 1183 1230; x_wconf 81' lang='lat' dir='ltr'><strong>dentibus¹</strong></span> <span class='ocrx_word' id='word_1_49' title='bbox 1197 1179 1226 1230; x_wconf 84' lang='lat' dir='ltr'><strong>et</strong></span> 
     </span>
     <span class='ocr_line' id='line_1_11' title="bbox 475 1257 1224 1338; baseline -0.003 -18"><span class='ocrx_word' id='word_1_50' title='bbox 475 1259 602 1321; x_wconf 85' lang='lat' dir='ltr'><strong>medulla</strong></span> <span class='ocrx_word' id='word_1_51' title='bbox 621 1261 686 1338; x_wconf 90' lang='lat' dir='ltr'><strong>ipsa</strong></span> <span class='ocrx_word' id='word_1_52' title='bbox 704 1257 841 1336; x_wconf 83' lang='lat' dir='ltr'><strong>alligetur</strong></span> <span class='ocrx_word' id='word_1_53' title='bbox 860 1265 928 1319; x_wconf 91' lang='lat' dir='ltr'><strong>ante</strong></span> <span class='ocrx_word' id='word_1_54' title='bbox 947 1257 1016 1317; x_wconf 92' lang='lat' dir='ltr'><strong>solis</strong></span> <span class='ocrx_word' id='word_1_55' title='bbox 1036 1265 1139 1318; x_wconf 90' lang='lat' dir='ltr'><strong>ortum</strong></span> <span class='ocrx_word' id='word_1_56' title='bbox 1157 1277 1224 1338; x_wconf 92' lang='lat' dir='ltr'><strong>pro-</strong></span> 
     </span>
     <span class='ocr_line' id='line_1_12' title="bbox 356 1341 1258 1421; baseline 0 -14"><span class='ocrx_word' id='word_1_57' title='bbox 356 1341 446 1421; x_wconf 75' lang='lat'><strong>&#39;32‚88.</strong></span> <span class='ocrx_word' id='word_1_58' title='bbox 475 1347 578 1409; x_wconf 93' lang='lat' dir='ltr'><strong>hibere</strong></span> <span class='ocrx_word' id='word_1_59' title='bbox 607 1355 740 1407; x_wconf 80' lang='lat' dir='ltr'><strong>strumas</strong></span> <span class='ocrx_word' id='word_1_60' title='bbox 764 1353 888 1408; x_wconf 90' lang='lat' dir='ltr'><strong>constat.</strong></span> <span class='ocrx_word' id='word_1_61' title='bbox 925 1345 1102 1406; x_wconf 86' lang='lat' dir='ltr'><strong>echinorum</strong></span> <span class='ocrx_word' id='word_1_62' title='bbox 1128 1353 1224 1407; x_wconf 88' lang='lat' dir='ltr'><strong>testae</strong></span> <span class='ocrx_word' id='word_1_63' title='bbox 1238 1355 1258 1394; x_wconf 84' lang='lat'><strong>¹⁰</strong></span> 
     </span>
     <span class='ocr_line' id='line_1_13' title="bbox 476 1433 1225 1497; baseline -0.001 0"><span class='ocrx_word' id='word_1_64' title='bbox 476 1443 616 1497; x_wconf 90' lang='lat' dir='ltr'><strong>contusae</strong></span> <span class='ocrx_word' id='word_1_65' title='bbox 645 1453 714 1495; x_wconf 91' lang='lat' dir='ltr'><strong>cum</strong></span> <span class='ocrx_word' id='word_1_66' title='bbox 741 1434 869 1495; x_wconf 86' lang='lat' dir='ltr'><strong>alumine</strong></span> <span class='ocrx_word' id='word_1_67' title='bbox 897 1453 934 1494; x_wconf 85' lang='lat' dir='ltr'><strong>ex</strong></span> <span class='ocrx_word' id='word_1_68' title='bbox 966 1433 1030 1494; x_wconf 90' lang='lat' dir='ltr'><strong>oleo</strong></span> <span class='ocrx_word' id='word_1_69' title='bbox 1060 1443 1164 1495; x_wconf 86' lang='lat' dir='ltr'><strong>vetere</strong></span> <span class='ocrx_word' id='word_1_70' title='bbox 1198 1444 1225 1496; x_wconf 90' lang='lat' dir='ltr'><strong>et</strong></span> 
     </span>
     <span class='ocr_line' id='line_1_14' title="bbox 343 1522 1226 1603; baseline 0.002 -21"><span class='ocrx_word' id='word_1_71' title='bbox 343 1533 447 1597; x_wconf 64' lang='grc'><strong>20127.</strong></span> <span class='ocrx_word' id='word_1_72' title='bbox 475 1523 566 1603; x_wconf 74' lang='lat' dir='ltr'><strong>pidte.</strong></span> <span class='ocrx_word' id='word_1_73' title='bbox 602 1524 783 1583; x_wconf 91' lang='lat' dir='ltr'><strong>nasturtium</strong></span> <span class='ocrx_word' id='word_1_74' title='bbox 807 1541 876 1584; x_wconf 91' lang='lat' dir='ltr'><strong>cum</strong></span> <span class='ocrx_word' id='word_1_75' title='bbox 901 1522 1031 1585; x_wconf 91' lang='lat' dir='ltr'><strong>lomento</strong></span> <span class='ocrx_word' id='word_1_76' title='bbox 1060 1526 1226 1586; x_wconf 90' lang='lat' dir='ltr'><strong>contritum</strong></span> 
     </span>
     <span class='ocr_line' id='line_1_15' title="bbox 343 1609 1225 1691; baseline 0.001 -19"><span class='ocrx_word' id='word_1_77' title='bbox 343 1623 447 1685; x_wconf 87' lang='grc'><strong>20,241.</strong></span> <span class='ocrx_word' id='word_1_78' title='bbox 476 1613 664 1691; x_wconf 91' lang='lat' dir='ltr'><strong>superposito</strong></span> <span class='ocrx_word' id='word_1_79' title='bbox 688 1609 758 1671; x_wconf 87' lang='lat' dir='ltr'><strong>folio</strong></span> <span class='ocrx_word' id='word_1_80' title='bbox 781 1610 918 1673; x_wconf 87' lang='lat' dir='ltr'><strong>hederae.</strong></span> <span class='ocrx_word' id='word_1_81' title='bbox 950 1610 1138 1672; x_wconf 89' lang='lat' dir='ltr'><strong>marrubium</strong></span> <span class='ocrx_word' id='word_1_82' title='bbox 1158 1631 1225 1673; x_wconf 89' lang='lat' dir='ltr'><strong>cum</strong></span> 
     </span>
     <span class='ocr_line' id='line_1_16' title="bbox 207 1699 1225 1779; baseline 0.001 -20"><span class='ocrx_word' id='word_1_83' title='bbox 207 1711 313 1778; x_wconf 85' lang='grc'><strong>22,143.</strong></span> <span class='ocrx_word' id='word_1_84' title='bbox 342 1710 447 1774; x_wconf 72' lang='grc'><strong>22154.</strong></span> <span class='ocrx_word' id='word_1_85' title='bbox 475 1699 569 1779; x_wconf 90' lang='lat' dir='ltr'><strong>adipe.</strong></span> <span class='ocrx_word' id='word_1_86' title='bbox 606 1699 670 1759; x_wconf 89' lang='lat' dir='ltr'><strong>lens</strong></span> <span class='ocrx_word' id='word_1_87' title='bbox 693 1701 725 1759; x_wconf 91' lang='lat' dir='ltr'><strong>in</strong></span> <span class='ocrx_word' id='word_1_88' title='bbox 746 1708 830 1760; x_wconf 90' lang='lat' dir='ltr'><strong>aceto</strong></span> <span class='ocrx_word' id='word_1_89' title='bbox 853 1701 991 1761; x_wconf 90' lang='lat' dir='ltr'><strong>discocta.</strong></span> <span class='ocrx_word' id='word_1_90' title='bbox 1027 1699 1167 1779; x_wconf 90' lang='lat' dir='ltr'><strong>lupinum</strong></span> <span class='ocrx_word' id='word_1_91' title='bbox 1190 1720 1225 1760; x_wconf 84' lang='lat' dir='ltr'><strong>ex</strong></span> 
     </span>
     <span class='ocr_line' id='line_1_17' title="bbox 343 1788 1291 1868; baseline 0 -20"><span class='ocrx_word' id='word_1_92' title='bbox 343 1798 447 1863; x_wconf 78' lang='lat'><strong>23,118.</strong></span> <span class='ocrx_word' id='word_1_93' title='bbox 476 1795 559 1849; x_wconf 87' lang='lat' dir='ltr'><strong>aceto</strong></span> <span class='ocrx_word' id='word_1_94' title='bbox 587 1795 706 1848; x_wconf 91' lang='lat' dir='ltr'><strong>coctum</strong></span> <span class='ocrx_word' id='word_1_95' title='bbox 738 1790 968 1868; x_wconf 89' lang='lat' dir='ltr'><strong>contritumque.</strong></span> <span class='ocrx_word' id='word_1_96' title='bbox 1011 1788 1080 1848; x_wconf 83' lang='lat' dir='ltr'><strong>folia</strong></span> <span class='ocrx_word' id='word_1_97' title='bbox 1113 1790 1164 1848; x_wconf 84' lang='lat' dir='ltr'><strong>lici</strong></span> <span class='ocrx_word' id='word_1_98' title='bbox 1195 1795 1258 1848; x_wconf 65' lang='grc' dir='ltr'><strong>011ὖ</strong></span> <span class='ocrx_word' id='word_1_99' title='bbox 1290 1823 1291 1868; x_wconf 71' lang='lat' dir='ltr'><strong>t</strong></span> 
     </span>
     <span class='ocr_line' id='line_1_18' title="bbox 360 1878 1224 1957; baseline -0.001 -19"><span class='ocrx_word' id='word_1_100' title='bbox 360 1888 447 1951; x_wconf 75' lang='lat'><strong>24,16.</strong></span> <span class='ocrx_word' id='word_1_101' title='bbox 475 1878 549 1938; x_wconf 84' lang='lat' dir='ltr'><strong>licus</strong></span> <span class='ocrx_word' id='word_1_102' title='bbox 567 1879 715 1938; x_wconf 91' lang='lat' dir='ltr'><strong>inmatura</strong></span> <span class='ocrx_word' id='word_1_103' title='bbox 733 1895 792 1938; x_wconf 91' lang='lat' dir='ltr'><strong>una</strong></span> <span class='ocrx_word' id='word_1_104' title='bbox 811 1883 878 1937; x_wconf 90' lang='lat' dir='ltr'><strong>tusa</strong></span> <span class='ocrx_word' id='word_1_105' title='bbox 900 1879 1103 1957; x_wconf 88' lang='lat' dir='ltr'><strong>imponuntur.</strong></span> <span class='ocrx_word' id='word_1_106' title='bbox 1133 1895 1224 1937; x_wconf 92' lang='lat' dir='ltr'><strong>sucus</strong></span> 
     </span>
     <span class='ocr_line' id='line_1_19' title="bbox 360 1965 1224 2046; baseline 0 -20"><span class='ocrx_word' id='word_1_107' title='bbox 360 1978 447 2039; x_wconf 78' lang='grc'><strong>2421.</strong></span> <span class='ocrx_word' id='word_1_108' title='bbox 474 1966 582 2046; x_wconf 87' lang='lat' dir='ltr'><strong>pilulae</strong></span> <span class='ocrx_word' id='word_1_109' title='bbox 621 1968 756 2045; x_wconf 89' lang='lat' dir='ltr'><strong>cupressi</strong></span> <span class='ocrx_word' id='word_1_110' title='bbox 792 1983 829 2025; x_wconf 81' lang='lat' dir='ltr'><strong>cx</strong></span> <span class='ocrx_word' id='word_1_111' title='bbox 865 1965 1020 2026; x_wconf 84' lang='lat' dir='ltr'><strong>fermento.</strong></span> <span class='ocrx_word' id='word_1_112' title='bbox 1065 1965 1224 2044; x_wconf 83' lang='lat' dir='ltr'><strong>galbanum</strong></span> 
     </span>
     <span class='ocr_line' id='line_1_20' title="bbox 474 2053 1223 2134; baseline -0.001 -18"><span class='ocrx_word' id='word_1_113' title='bbox 474 2074 529 2134; x_wconf 93' lang='lat' dir='ltr'><strong>per</strong></span> <span class='ocrx_word' id='word_1_114' title='bbox 551 2073 583 2115; x_wconf 89' lang='lat' dir='ltr'><strong>se</strong></span> <span class='ocrx_word' id='word_1_115' title='bbox 606 2056 777 2134; x_wconf 88' lang='lat' dir='ltr'><strong>imponitur.</strong></span> <span class='ocrx_word' id='word_1_116' title='bbox 811 2053 988 2114; x_wconf 85' lang='lat' dir='ltr'><strong>exulceratis</strong></span> <span class='ocrx_word' id='word_1_117' title='bbox 1011 2057 1135 2114; x_wconf 89' lang='lat' dir='ltr'><strong>strumis</strong></span> <span class='ocrx_word' id='word_1_118' title='bbox 1161 2073 1223 2115; x_wconf 93' lang='lat' dir='ltr'><strong>mu·</strong></span> 
     </span>
     <span class='ocr_line' id='line_1_21' title="bbox 360 2141 1223 2222; baseline -0.002 -18"><span class='ocrx_word' id='word_1_119' title='bbox 360 2154 447 2216; x_wconf 75' lang='grc'><strong>3030.</strong></span> <span class='ocrx_word' id='word_1_120' title='bbox 475 2142 567 2203; x_wconf 83' lang='grc'><strong>010100</strong></span> <span class='ocrx_word' id='word_1_121' title='bbox 594 2145 714 2222; x_wconf 83' lang='lat' dir='ltr'><strong>sanguis</strong></span> <span class='ocrx_word' id='word_1_122' title='bbox 741 2141 886 2203; x_wconf 87' lang='lat' dir='ltr'><strong>inlinitur.</strong></span> <span class='ocrx_word' id='word_1_123' title='bbox 931 2141 1057 2204; x_wconf 83' lang='lat' dir='ltr'><strong>mustela</strong></span> <span class='ocrx_word' id='word_1_124' title='bbox 1085 2161 1123 2202; x_wconf 83' lang='lat' dir='ltr'><strong>ex</strong></span> <span class='ocrx_word' id='word_1_125' title='bbox 1156 2145 1223 2202; x_wconf 86' lang='lat' dir='ltr'><strong>vino</strong></span> 
     </span>
     <span class='ocr_line' id='line_1_22' title="bbox 374 2230 1258 2311; baseline 0.005 -23"><span class='ocrx_word' id='word_1_126' title='bbox 374 2233 411 2288; x_wconf 83' lang='lat' dir='ltr'><strong>ib.</strong></span> <span class='ocrx_word' id='word_1_127' title='bbox 475 2230 605 2292; x_wconf 89' lang='lat' dir='ltr'><strong>discocta</strong></span> <span class='ocrx_word' id='word_1_128' title='bbox 622 2233 794 2311; x_wconf 90' lang='lat' dir='ltr'><strong>imponitur.</strong></span> <span class='ocrx_word' id='word_1_129' title='bbox 832 2231 948 2291; x_wconf 90' lang='lat' dir='ltr'><strong>cocleae</strong></span> <span class='ocrx_word' id='word_1_130' title='bbox 967 2249 1036 2293; x_wconf 88' lang='lat' dir='ltr'><strong>cum</strong></span> <span class='ocrx_word' id='word_1_131' title='bbox 1054 2232 1118 2292; x_wconf 89' lang='lat' dir='ltr'><strong>suis</strong></span> <span class='ocrx_word' id='word_1_132' title='bbox 1137 2234 1223 2292; x_wconf 89' lang='lat' dir='ltr'><strong>testis</strong></span> <span class='ocrx_word' id='word_1_133' title='bbox 1236 2241 1258 2278; x_wconf 72' lang='lat'><strong>²⁰</strong></span> 
     </span>
     <span class='ocr_line' id='line_1_23' title="bbox 360 2320 1223 2398; baseline 0.001 -20"><span class='ocrx_word' id='word_1_134' title='bbox 360 2331 447 2393; x_wconf 76' lang='lat' dir='ltr'><strong>30,3a.</strong></span> <span class='ocrx_word' id='word_1_135' title='bbox 475 2328 572 2381; x_wconf 88' lang='lat' dir='ltr'><strong>tusae:</strong></span> <span class='ocrx_word' id='word_1_136' title='bbox 605 2320 641 2380; x_wconf 90' lang='lat' dir='ltr'><strong>ad</strong></span> <span class='ocrx_word' id='word_1_137' title='bbox 668 2320 725 2380; x_wconf 92' lang='lat' dir='ltr'><strong>hoc</strong></span> <span class='ocrx_word' id='word_1_138' title='bbox 753 2320 866 2380; x_wconf 85' lang='lat' dir='ltr'><strong>iaciunt</strong></span> <span class='ocrx_word' id='word_1_139' title='bbox 893 2321 1004 2398; x_wconf 91' lang='lat' dir='ltr'><strong>optime</strong></span> <span class='ocrx_word' id='word_1_140' title='bbox 1028 2337 1104 2398; x_wconf 89' lang='lat' dir='ltr'><strong>quae</strong></span> <span class='ocrx_word' id='word_1_141' title='bbox 1128 2320 1223 2380; x_wconf 90' lang='lat' dir='ltr'><strong>salici·</strong></span> 
     </span>
     <span class='ocr_line' id='line_1_24' title="bbox 374 2407 1223 2487; baseline 0.006 -24"><span class='ocrx_word' id='word_1_142' title='bbox 374 2409 411 2464; x_wconf 81' lang='lat' dir='ltr'><strong>ab.</strong></span> <span class='ocrx_word' id='word_1_143' title='bbox 474 2408 531 2469; x_wconf 91' lang='lat' dir='ltr'><strong>bus</strong></span> <span class='ocrx_word' id='word_1_144' title='bbox 554 2408 722 2469; x_wconf 88' lang='lat' dir='ltr'><strong>adhaerent.</strong></span> <span class='ocrx_word' id='word_1_145' title='bbox 756 2409 830 2467; x_wconf 92' lang='lat' dir='ltr'><strong>cinis</strong></span> <span class='ocrx_word' id='word_1_146' title='bbox 850 2407 959 2487; x_wconf 92' lang='lat' dir='ltr'><strong>aspidis</strong></span> <span class='ocrx_word' id='word_1_147' title='bbox 979 2426 1047 2468; x_wconf 88' lang='lat' dir='ltr'><strong>curn</strong></span> <span class='ocrx_word' id='word_1_148' title='bbox 1065 2426 1135 2467; x_wconf 88' lang='lat' dir='ltr'><strong>sevo</strong></span> <span class='ocrx_word' id='word_1_149' title='bbox 1161 2415 1223 2468; x_wconf 90' lang='lat' dir='ltr'><strong>tau-</strong></span> 
     </span>
    </p>
   </div>
   <div class='ocr_carea' id='block_1_6' title="bbox 207 2578 1289 3624">
    <p class='ocr_par' dir='ltr' id='par_1_7' title="bbox 207 2578 1289 3624">
     <span class='ocr_line' id='line_1_25' title="bbox 280 2578 1222 2648; baseline 0.001 -16"><span class='ocrx_word' id='word_1_150' title='bbox 280 2584 294 2632; x_wconf 92' lang='lat'>1</span> <span class='ocrx_word' id='word_1_151' title='bbox 314 2593 402 2647; x_wconf 85' lang='lat' dir='ltr'><strong>panas</strong></span> <span class='ocrx_word' id='word_1_152' title='bbox 419 2580 461 2648; x_wconf 70' lang='lat' dir='ltr'><strong>qd</strong></span> <span class='ocrx_word' id='word_1_153' title='bbox 479 2578 634 2648; x_wconf 78' lang='lat' dir='ltr'><strong>(paniculas</strong></span> <span class='ocrx_word' id='word_1_154' title='bbox 651 2580 706 2647; x_wconf 75' lang='lat' dir='ltr'><strong>ab).</strong></span> <span class='ocrx_word' id='word_1_155' title='bbox 779 2584 795 2631; x_wconf 89' lang='grc'><strong>2</strong></span> <span class='ocrx_word' id='word_1_156' title='bbox 814 2578 919 2648; x_wconf 82' lang='lat' dir='ltr'><strong>Recipe</strong></span> <span class='ocrx_word' id='word_1_157' title='bbox 939 2579 1043 2647; x_wconf 87' lang='lat' dir='ltr'><strong>(cerae.</strong></span> <span class='ocrx_word' id='word_1_158' title='bbox 1055 2620 1061 2632; x_wconf 88' lang='lat'><strong>.</strong></span> <span class='ocrx_word' id='word_1_159' title='bbox 1073 2580 1090 2647; x_wconf 93' lang='lat'><strong>.)</strong></span> <span class='ocrx_word' id='word_1_160' title='bbox 1115 2579 1181 2633; x_wconf 81' lang='lat' dir='ltr'><strong>cdd.</strong></span> <span class='ocrx_word' id='word_1_161' title='bbox 1201 2596 1222 2633; x_wconf 86' lang='lat' dir='ltr'><strong>r.</strong></span> 
     </span>
     <span class='ocr_line' id='line_1_26' title="bbox 243 2649 1188 2726; baseline 0 -23"><span class='ocrx_word' id='word_1_162' title='bbox 243 2649 411 2720; x_wconf 71' lang='lat' dir='ltr'><strong>ddragmas</strong></span> <span class='ocrx_word' id='word_1_163' title='bbox 429 2650 477 2720; x_wconf 82' lang='lat' dir='ltr'><strong>pd.</strong></span> <span class='ocrx_word' id='word_1_164' title='bbox 503 2652 509 2719; x_wconf 79' lang='grc' dir='ltr'>Ι</span> <span class='ocrx_word' id='word_1_165' title='bbox 533 2650 595 2717; x_wconf 85' lang='lat' dir='ltr'><strong>(bis)</strong></span> <span class='ocrx_word' id='word_1_166' title='bbox 613 2649 744 2718; x_wconf 87' lang='lat' dir='ltr'><strong>dragmas</strong></span> <span class='ocrx_word' id='word_1_167' title='bbox 761 2649 875 2720; x_wconf 72' lang='lat' dir='ltr'><strong>9:3d.</strong></span> <span class='ocrx_word' id='word_1_168' title='bbox 948 2651 1188 2726; x_wconf 42' lang='grc'><strong>5009000001,</strong></span> 
     </span>
     <span class='ocr_line' id='line_1_27' title="bbox 207 2719 1289 2790; baseline 0 -16"><span class='ocrx_word' id='word_1_169' title='bbox 207 2720 250 2776; x_wconf 82' lang='lat' dir='ltr'><strong>tit.</strong></span> <span class='ocrx_word' id='word_1_170' title='bbox 269 2720 314 2774; x_wconf 83' lang='lat' dir='ltr'><strong>Ad</strong></span> <span class='ocrx_word' id='word_1_171' title='bbox 333 2723 454 2775; x_wconf 83' lang='lat' dir='ltr'><strong>strumas</strong></span> <span class='ocrx_word' id='word_1_172' title='bbox 473 2719 503 2775; x_wconf 88' lang='lat' dir='ltr'><strong>id</strong></span> <span class='ocrx_word' id='word_1_173' title='bbox 516 2722 560 2775; x_wconf 91' lang='lat' dir='ltr'><strong>est</strong></span> <span class='ocrx_word' id='word_1_174' title='bbox 573 2720 674 2776; x_wconf 76' lang='lat' dir='ltr'><strong>shofas</strong></span> <span class='ocrx_word' id='word_1_175' title='bbox 692 2719 806 2788; x_wconf 85' lang='lat' dir='ltr'><strong>(scrofas</strong></span> <span class='ocrx_word' id='word_1_176' title='bbox 819 2721 877 2776; x_wconf 77' lang='lat' dir='ltr'><strong>iod.</strong></span> <span class='ocrx_word' id='word_1_177' title='bbox 892 2722 983 2790; x_wconf 81' lang='lat' dir='ltr'><strong>capp.)</strong></span> <span class='ocrx_word' id='word_1_178' title='bbox 1002 2736 1056 2789; x_wconf 90' lang='lat' dir='ltr'><strong>qua</strong></span> <span class='ocrx_word' id='word_1_179' title='bbox 1069 2721 1224 2774; x_wconf 86' lang='lat' dir='ltr'><strong>nascuntur</strong></span> <span class='ocrx_word' id='word_1_180' title='bbox 1288 2773 1289 2790; x_wconf 14' lang='grc' dir='ltr'>χ</span> 
     </span>
     <span class='ocr_line' id='line_1_28' title="bbox 207 2787 1289 2861; baseline 0.002 -18"><span class='ocrx_word' id='word_1_181' title='bbox 207 2787 238 2842; x_wconf 82' lang='grc'><strong>10</strong></span> <span class='ocrx_word' id='word_1_182' title='bbox 255 2791 370 2858; x_wconf 75' lang='lat' dir='ltr'><strong>gutture</strong></span> <span class='ocrx_word' id='word_1_183' title='bbox 387 2806 417 2859; x_wconf 78' lang='lat'><strong>9,</strong></span> <span class='ocrx_word' id='word_1_184' title='bbox 436 2790 481 2844; x_wconf 88' lang='lat' dir='ltr'><strong>Ad</strong></span> <span class='ocrx_word' id='word_1_185' title='bbox 499 2793 619 2846; x_wconf 85' lang='lat' dir='ltr'><strong>strumas</strong></span> <span class='ocrx_word' id='word_1_186' title='bbox 639 2808 694 2861; x_wconf 88' lang='lat' dir='ltr'><strong>quc</strong></span> <span class='ocrx_word' id='word_1_187' title='bbox 712 2791 864 2845; x_wconf 86' lang='lat' dir='ltr'><strong>nascuntur</strong></span> <span class='ocrx_word' id='word_1_188' title='bbox 880 2791 911 2845; x_wconf 88' lang='lat' dir='ltr'><strong>in</strong></span> <span class='ocrx_word' id='word_1_189' title='bbox 929 2807 1044 2861; x_wconf 85' lang='lat' dir='ltr'><strong>corpore</strong></span> <span class='ocrx_word' id='word_1_190' title='bbox 1062 2791 1089 2844; x_wconf 93' lang='lat' dir='ltr'><strong>d.</strong></span> <span class='ocrx_word' id='word_1_191' title='bbox 1137 2790 1224 2845; x_wconf 78' lang='grc'><strong>700-</strong></span> <span class='ocrx_word' id='word_1_192' title='bbox 1288 2805 1289 2818; x_wconf 66' lang='grc'>’</span> 
     </span>
     <span class='ocr_line' id='line_1_29' title="bbox 207 2859 1224 2984; baseline 0.004 -72"><span class='ocrx_word' id='word_1_193' title='bbox 207 2859 305 2928; x_wconf 84' lang='lat' dir='ltr'><strong>profici</strong></span> <span class='ocrx_word' id='word_1_194' title='bbox 322 2876 348 2928; x_wconf 79' lang='lat'><strong>9.</strong></span> <span class='ocrx_word' id='word_1_195' title='bbox 421 2867 437 2914; x_wconf 86' lang='lat'>8</span> <span class='ocrx_word' id='word_1_196' title='bbox 453 2860 577 2984; x_wconf 75' lang='lat' dir='ltr'><strong>impubis</strong></span> <span class='ocrx_word' id='word_1_197' title='bbox 595 2879 633 2931; x_wconf 83' lang='lat' dir='ltr'><strong>pr</strong></span> <span class='ocrx_word' id='word_1_198' title='bbox 652 2861 732 2931; x_wconf 85' lang='lat' dir='ltr'><strong>(Pl.):</strong></span> <span class='ocrx_word' id='word_1_199' title='bbox 751 2862 853 2930; x_wconf 86' lang='lat' dir='ltr'><strong>ipuber</strong></span> <span class='ocrx_word' id='word_1_200' title='bbox 870 2863 897 2916; x_wconf 84' lang='lat' dir='ltr'><strong>d.</strong></span> <span class='ocrx_word' id='word_1_201' title='bbox 923 2864 927 2931; x_wconf 88' lang='grc' dir='ltr'>Ι</span> <span class='ocrx_word' id='word_1_202' title='bbox 953 2861 1120 2916; x_wconf 85' lang='lat' dir='ltr'><strong>detractor.</strong></span> <span class='ocrx_word' id='word_1_203' title='bbox 1139 2861 1224 2916; x_wconf 84' lang='lat' dir='ltr'><strong>tollat</strong></span> 
     </span>
     <span class='ocr_line' id='line_1_30' title="bbox 207 2928 1224 3001; baseline 0.003 -18"><span class='ocrx_word' id='word_1_204' title='bbox 207 2930 281 2997; x_wconf 70' lang='lat' dir='ltr'><strong>yda:</strong></span> <span class='ocrx_word' id='word_1_205' title='bbox 301 2928 428 2985; x_wconf 83' lang='lat' dir='ltr'><strong>defracto</strong></span> <span class='ocrx_word' id='word_1_206' title='bbox 446 2948 468 2984; x_wconf 86' lang='lat' dir='ltr'><strong>r.</strong></span> <span class='ocrx_word' id='word_1_207' title='bbox 507 2931 620 2987; x_wconf 84' lang='lat' dir='ltr'><strong>etrnhat</strong></span> <span class='ocrx_word' id='word_1_208' title='bbox 638 2932 683 2986; x_wconf 86' lang='lat' dir='ltr'><strong>Pl.</strong></span> <span class='ocrx_word' id='word_1_209' title='bbox 757 2937 790 2986; x_wconf 89' lang='lat'><strong>10</strong></span> <span class='ocrx_word' id='word_1_210' title='bbox 809 2933 998 2988; x_wconf 83' lang='lat' dir='ltr'><strong>Aechinorum</strong></span> <span class='ocrx_word' id='word_1_211' title='bbox 1014 2947 1039 3001; x_wconf 77' lang='lat'><strong>9.</strong></span> <span class='ocrx_word' id='word_1_212' title='bbox 1106 2937 1138 2984; x_wconf 91' lang='lat'><strong>11</strong></span> <span class='ocrx_word' id='word_1_213' title='bbox 1161 2950 1224 2986; x_wconf 88' lang='lat' dir='ltr'><strong>cum</strong></span> 
     </span>
     <span class='ocr_line' id='line_1_31' title="bbox 207 2998 1223 3074; baseline 0.008 -24"><span class='ocrx_word' id='word_1_214' title='bbox 207 2998 332 3056; x_wconf 79' lang='lat' dir='ltr'><strong>alumine</strong></span> <span class='ocrx_word' id='word_1_215' title='bbox 351 3001 474 3069; x_wconf 89' lang='lat' dir='ltr'><strong>(alumen</strong></span> <span class='ocrx_word' id='word_1_216' title='bbox 491 3004 519 3071; x_wconf 79' lang='lat'><strong>9)</strong></span> <span class='ocrx_word' id='word_1_217' title='bbox 539 3018 573 3057; x_wconf 89' lang='lat' dir='ltr'><strong>ex</strong></span> <span class='ocrx_word' id='word_1_218' title='bbox 590 3018 615 3057; x_wconf 93' lang='grc'><strong>0.</strong></span> <span class='ocrx_word' id='word_1_219' title='bbox 634 3021 660 3058; x_wconf 82' lang='lat' dir='ltr'><strong>v.</strong></span> <span class='ocrx_word' id='word_1_220' title='bbox 681 3005 710 3058; x_wconf 87' lang='lat' dir='ltr'><strong>et</strong></span> <span class='ocrx_word' id='word_1_221' title='bbox 727 3002 819 3074; x_wconf 89' lang='lat' dir='ltr'><strong>pulte:</strong></span> <span class='ocrx_word' id='word_1_222' title='bbox 843 3019 877 3058; x_wconf 85' lang='lat' dir='ltr'><strong>ex</strong></span> <span class='ocrx_word' id='word_1_223' title='bbox 899 3006 979 3058; x_wconf 84' lang='lat' dir='ltr'><strong>aceto</strong></span> <span class='ocrx_word' id='word_1_224' title='bbox 998 3003 1044 3057; x_wconf 84' lang='lat' dir='ltr'><strong>Pl.</strong></span> <span class='ocrx_word' id='word_1_225' title='bbox 1069 3002 1147 3070; x_wconf 89' lang='lat' dir='ltr'><strong>(cum</strong></span> <span class='ocrx_word' id='word_1_226' title='bbox 1166 3003 1223 3058; x_wconf 84' lang='lat' dir='ltr'><strong>alu-</strong></span> 
     </span>
     <span class='ocr_line' id='line_1_32' title="bbox 208 3068 1224 3146; baseline 0.006 -22"><span class='ocrx_word' id='word_1_227' title='bbox 208 3068 283 3125; x_wconf 91' lang='lat' dir='ltr'><strong>mine</strong></span> <span class='ocrx_word' id='word_1_228' title='bbox 298 3088 332 3126; x_wconf 89' lang='lat' dir='ltr'><strong>ex</strong></span> <span class='ocrx_word' id='word_1_229' title='bbox 352 3071 423 3126; x_wconf 89' lang='lat' dir='ltr'><strong>oleo.</strong></span> <span class='ocrx_word' id='word_1_230' title='bbox 453 3071 522 3127; x_wconf 87' lang='lat' dir='ltr'><strong>folia</strong></span> <span class='ocrx_word' id='word_1_231' title='bbox 540 3073 643 3146; x_wconf 73' lang='lat' dir='ltr'><strong>laedere</strong></span> <span class='ocrx_word' id='word_1_232' title='bbox 657 3079 704 3129; x_wconf 81' lang='grc'><strong>010.</strong></span> <span class='ocrx_word' id='word_1_233' title='bbox 718 3091 742 3139; x_wconf 86' lang='lat' dir='ltr'><strong>r,</strong></span> <span class='ocrx_word' id='word_1_234' title='bbox 760 3074 807 3134; x_wconf 85' lang='lat' dir='ltr'><strong>sed</strong></span> <span class='ocrx_word' id='word_1_235' title='bbox 825 3074 1090 3142; x_wconf 62' lang='grc'><strong>0111110110001.</strong></span> <span class='ocrx_word' id='word_1_236' title='bbox 1129 3078 1164 3127; x_wconf 90' lang='grc'><strong>12</strong></span> <span class='ocrx_word' id='word_1_237' title='bbox 1183 3074 1224 3130; x_wconf 91' lang='lat' dir='ltr'><strong>lu·</strong></span> 
     </span>
     <span class='ocr_line' id='line_1_33' title="bbox 208 3143 1223 3214; baseline 0.006 -22"><span class='ocrx_word' id='word_1_238' title='bbox 208 3143 302 3197; x_wconf 89' lang='lat' dir='ltr'><strong>mento</strong></span> <span class='ocrx_word' id='word_1_239' title='bbox 316 3159 341 3213; x_wconf 76' lang='lat'><strong>9.</strong></span> <span class='ocrx_word' id='word_1_240' title='bbox 394 3149 427 3198; x_wconf 89' lang='lat'><strong>13</strong></span> <span class='ocrx_word' id='word_1_241' title='bbox 445 3161 556 3214; x_wconf 90' lang='lat' dir='ltr'><strong>superp.</strong></span> <span class='ocrx_word' id='word_1_242' title='bbox 570 3145 589 3200; x_wconf 85' lang='lat' dir='ltr'><strong>f.</strong></span> <span class='ocrx_word' id='word_1_243' title='bbox 604 3145 631 3199; x_wconf 91' lang='lat' dir='ltr'><strong>h.</strong></span> <span class='ocrx_word' id='word_1_244' title='bbox 646 3160 697 3200; x_wconf 88' lang='lat' dir='ltr'><strong>om.</strong></span> <span class='ocrx_word' id='word_1_245' title='bbox 713 3145 758 3199; x_wconf 85' lang='lat' dir='ltr'><strong>Pl.</strong></span> <span class='ocrx_word' id='word_1_246' title='bbox 775 3147 779 3212; x_wconf 94' lang='grc'><strong>1</strong></span> <span class='ocrx_word' id='word_1_247' title='bbox 795 3145 969 3199; x_wconf 85' lang='lat' dir='ltr'><strong>Marruuium</strong></span> <span class='ocrx_word' id='word_1_248' title='bbox 981 3159 1012 3213; x_wconf 76' lang='lat'><strong>9,</strong></span> <span class='ocrx_word' id='word_1_249' title='bbox 1026 3143 1186 3199; x_wconf 73' lang='lat' dir='ltr'><strong>Manubium</strong></span> <span class='ocrx_word' id='word_1_250' title='bbox 1197 3145 1223 3198; x_wconf 87' lang='lat' dir='ltr'><strong>d.</strong></span> 
     </span>
     <span class='ocr_line' id='line_1_34' title="bbox 244 3212 1288 3287; baseline 0.003 -24"><span class='ocrx_word' id='word_1_251' title='bbox 244 3213 326 3267; x_wconf 89' lang='grc'><strong>1410</strong></span> <span class='ocrx_word' id='word_1_252' title='bbox 347 3212 388 3268; x_wconf 89' lang='lat' dir='ltr'><strong>ini</strong></span> <span class='ocrx_word' id='word_1_253' title='bbox 460 3215 533 3270; x_wconf 84' lang='lat' dir='ltr'><strong>coeti</strong></span> <span class='ocrx_word' id='word_1_254' title='bbox 550 3233 573 3271; x_wconf 79' lang='lat' dir='ltr'><strong>r.</strong></span> <span class='ocrx_word' id='word_1_255' title='bbox 647 3220 680 3268; x_wconf 80' lang='lat'><strong>15</strong></span> <span class='ocrx_word' id='word_1_256' title='bbox 700 3215 907 3285; x_wconf 84' lang='lat' dir='ltr'><strong>contritumque</strong></span> <span class='ocrx_word' id='word_1_257' title='bbox 925 3232 955 3287; x_wconf 75' lang='lat' dir='ltr'><strong>p:</strong></span> <span class='ocrx_word' id='word_1_258' title='bbox 975 3217 1004 3270; x_wconf 89' lang='lat' dir='ltr'><strong>et</strong></span> <span class='ocrx_word' id='word_1_259' title='bbox 1023 3215 1179 3270; x_wconf 84' lang='lat' dir='ltr'><strong>contritum</strong></span> <span class='ocrx_word' id='word_1_260' title='bbox 1197 3217 1222 3271; x_wconf 88' lang='lat' dir='ltr'><strong>d.</strong></span> <span class='ocrx_word' id='word_1_261' title='bbox 1287 3263 1288 3266; x_wconf 74' lang='grc'>,</span> 
     </span>
     <span class='ocr_line' id='line_1_35' title="bbox 245 3283 1222 3357; baseline 0.007 -22"><span class='ocrx_word' id='word_1_262' title='bbox 245 3287 277 3336; x_wconf 79' lang='grc'><strong>17</strong></span> <span class='ocrx_word' id='word_1_263' title='bbox 300 3283 329 3354; x_wconf 84' lang='lat' dir='ltr'><strong>p’</strong></span> <span class='ocrx_word' id='word_1_264' title='bbox 354 3285 399 3338; x_wconf 89' lang='lat' dir='ltr'><strong>ule</strong></span> <span class='ocrx_word' id='word_1_265' title='bbox 423 3287 468 3340; x_wconf 83' lang='lat' dir='ltr'><strong>dr.</strong></span> <span class='ocrx_word' id='word_1_266' title='bbox 543 3291 576 3343; x_wconf 81' lang='lat'><strong>18</strong></span> <span class='ocrx_word' id='word_1_267' title='bbox 599 3303 650 3356; x_wconf 89' lang='lat' dir='ltr'><strong>per</strong></span> <span class='ocrx_word' id='word_1_268' title='bbox 671 3303 700 3340; x_wconf 89' lang='lat' dir='ltr'><strong>se</strong></span> <span class='ocrx_word' id='word_1_269' title='bbox 728 3285 896 3341; x_wconf 77' lang='lat' dir='ltr'><strong>exulceratis</strong></span> <span class='ocrx_word' id='word_1_270' title='bbox 924 3284 1038 3341; x_wconf 86' lang='lat' dir='ltr'><strong>strumis</strong></span> <span class='ocrx_word' id='word_1_271' title='bbox 1059 3285 1222 3357; x_wconf 87' lang='lat' dir='ltr'><strong>imponitur.</strong></span> 
     </span>
     <span class='ocr_line' id='line_1_36' title="bbox 207 3351 1223 3438; baseline 0.004 -30"><span class='ocrx_word' id='word_1_272' title='bbox 207 3351 346 3411; x_wconf 83' lang='lat' dir='ltr'><strong>Mustelas</strong></span> <span class='ocrx_word' id='word_1_273' title='bbox 364 3373 384 3409; x_wconf 90' lang='grc'><strong>0.</strong></span> <span class='ocrx_word' id='word_1_274' title='bbox 399 3361 445 3412; x_wconf 79' lang='lat' dir='ltr'><strong>etc.</strong></span> <span class='ocrx_word' id='word_1_275' title='bbox 463 3358 553 3438; x_wconf 78' lang='lat' dir='ltr'><strong>pdrb.</strong></span> <span class='ocrx_word' id='word_1_276' title='bbox 573 3359 620 3412; x_wconf 85' lang='lat' dir='ltr'><strong>sed</strong></span> <span class='ocrx_word' id='word_1_277' title='bbox 632 3356 798 3413; x_wconf 79' lang='lat' dir='ltr'><strong>exulceratis</strong></span> <span class='ocrx_word' id='word_1_278' title='bbox 811 3359 931 3427; x_wconf 76' lang='lat' dir='ltr'><strong>pertinet</strong></span> <span class='ocrx_word' id='word_1_279' title='bbox 949 3359 987 3413; x_wconf 84' lang='lat' dir='ltr'><strong>ad</strong></span> <span class='ocrx_word' id='word_1_280' title='bbox 1004 3372 1057 3428; x_wconf 76' lang='lat' dir='ltr'><strong>seq.</strong></span> <span class='ocrx_word' id='word_1_281' title='bbox 1075 3359 1223 3413; x_wconf 72' lang='grc'><strong>0000001100</strong></span> 
     </span>
     <span class='ocr_line' id='line_1_37' title="bbox 209 3426 1240 3498; baseline 0.005 -21"><span class='ocrx_word' id='word_1_282' title='bbox 209 3426 344 3482; x_wconf 85' lang='lat' dir='ltr'><strong>mustelae</strong></span> <span class='ocrx_word' id='word_1_283' title='bbox 373 3427 516 3496; x_wconf 81' lang='lat' dir='ltr'><strong>sangumis</strong></span> <span class='ocrx_word' id='word_1_284' title='bbox 542 3444 591 3483; x_wconf 88' lang='lat' dir='ltr'><strong>sec.</strong></span> <span class='ocrx_word' id='word_1_285' title='bbox 621 3428 665 3483; x_wconf 86' lang='lat' dir='ltr'><strong>Pi.</strong></span> <span class='ocrx_word' id='word_1_286' title='bbox 699 3430 734 3494; x_wconf 88' lang='lat' dir='ltr'><strong>(et</strong></span> <span class='ocrx_word' id='word_1_287' title='bbox 757 3428 849 3483; x_wconf 86' lang='lat' dir='ltr'><strong>Marc.</strong></span> <span class='ocrx_word' id='word_1_288' title='bbox 873 3446 903 3497; x_wconf 83' lang='lat' dir='ltr'><strong>p.</strong></span> <span class='ocrx_word' id='word_1_289' title='bbox 928 3431 999 3498; x_wconf 85' lang='grc'><strong>109).</strong></span> <span class='ocrx_word' id='word_1_290' title='bbox 1091 3435 1124 3483; x_wconf 91' lang='grc'><strong>21</strong></span> <span class='ocrx_word' id='word_1_291' title='bbox 1153 3431 1240 3482; x_wconf 65' lang='lat' dir='ltr'><strong>tuse.⁴</strong></span> 
     </span>
     <span class='ocr_line' id='line_1_38' title="bbox 208 3493 1221 3623; baseline 0.001 -74"><span class='ocrx_word' id='word_1_292' title='bbox 208 3493 335 3623; x_wconf 52' lang='lat' dir='ltr'><strong>pldtehpp⁸</strong></span> <span class='ocrx_word' id='word_1_293' title='bbox 352 3498 411 3622; x_wconf 50' lang='grc' dir='ltr'><strong>(ἕξ)</strong></span> <span class='ocrx_word' id='word_1_294' title='bbox 433 3499 487 3567; x_wconf 77' lang='lat' dir='ltr'><strong>pai,</strong></span> <span class='ocrx_word' id='word_1_295' title='bbox 514 3499 613 3553; x_wconf 82' lang='lat' dir='ltr'><strong>tunsae</strong></span> <span class='ocrx_word' id='word_1_296' title='bbox 636 3498 672 3552; x_wconf 87' lang='lat' dir='ltr'><strong>ad</strong></span> <span class='ocrx_word' id='word_1_297' title='bbox 694 3498 748 3553; x_wconf 91' lang='lat' dir='ltr'><strong>hoc</strong></span> <span class='ocrx_word' id='word_1_298' title='bbox 766 3499 811 3554; x_wconf 83' lang='lat' dir='ltr'><strong>rb.</strong></span> <span class='ocrx_word' id='word_1_299' title='bbox 837 3501 841 3567; x_wconf 82' lang='grc'><strong>1</strong></span> <span class='ocrx_word' id='word_1_300' title='bbox 871 3499 1002 3555; x_wconf 86' lang='lat' dir='ltr'><strong>salicibus</strong></span> <span class='ocrx_word' id='word_1_301' title='bbox 1031 3499 1137 3569; x_wconf 83' lang='lat' dir='ltr'><strong>(salinis</strong></span> <span class='ocrx_word' id='word_1_302' title='bbox 1162 3499 1221 3565; x_wconf 66' lang='lat' dir='ltr'><strong>Ml:</strong></span> 
     </span>
     <span class='ocr_line' id='line_1_39' title="bbox 221 3581 1287 3624; baseline -0.006 -3"><span class='ocrx_word' id='word_1_303' title='bbox 221 3581 253 3616; x_wconf 85' lang='lat' dir='ltr'><strong>ru</strong></span> <span class='ocrx_word' id='word_1_304' title='bbox 283 3584 297 3621; x_wconf 92' lang='grc'><strong>0</strong></span> <span class='ocrx_word' id='word_1_305' title='bbox 394 3611 400 3624; x_wconf 94' lang='grc'><strong>.</strong></span> <span class='ocrx_word' id='word_1_306' title='bbox 1286 3596 1287 3615; x_wconf 48' lang='lat' dir='ltr'><strong>r</strong></span> 
     </span>
    </p>
   </div>
   <div class='ocr_carea' id='block_1_7' title="bbox 0 0 1317 4030">
    <p class='ocr_par' dir='ltr' id='par_1_8' title="bbox 0 0 1317 4030">
     <span class='ocr_line' id='line_1_40' title="bbox 0 0 1317 4030; baseline 0 0"><span class='ocrx_word' id='word_1_307' title='bbox 0 0 1317 4030; x_wconf 95' lang='lat' dir='ltr'><strong> </strong></span> 
     </span>
    </p>
   </div>
  </div>
 </body>
</html>
