2610 4040
499 240 717 304 ...35-

103 404 235 466 adhihito
262 423 299 465 ex
326 406 394 465 vino
422 403 515 464 calido
544 405 576 463 in
599 403 720 463 modum
744 403 849 484 malag-

101 497 189 555 matis
222 501 413 572 temperatur.
459 493 554 553 farina
584 490 749 553 hordeacea
781 510 850 552 cum
878 503 983 567 44143.
1045 509 1052 544 .·

101 584 158 643 lico
182 590 257 643 tusa.
294 581 434 642 lenticula
462 583 494 641 in
517 587 601 641 aceto
625 579 763 641 discocta.
802 582 849 641 tici
877 593 981 655 22,144.

101 672 172 731 lolia
194 675 226 732 et
247 671 312 749 ipsa
333 687 420 750 poma
443 672 592 730 inmatura
615 671 752 731 contrita.
789 687 847 730 am·
876 680 993 750 *(om.r)
1017 686 1105 750 4444.

74 761 270 820 smoniacum
293 776 362 820 cum
385 757 471 818 melle
498 759 678 837 impositum.
719 759 848 837 iuniperi
876 765 955 829 4454
974 760 1035 831 (om.
1050 761 1075 830 r)

101 865 204 910 semen
228 865 265 907 ex
283 847 348 907 oleo
371 846 515 907 inlinitur.
548 846 617 907 lolia
635 846 694 906 alni
717 865 754 906 ex
772 863 848 925 aqua
877 858 963 921 4474.

100 937 229 1000 ferventi
243 935 375 996 remedio
390 936 465 996 tiunt
479 937 597 996 tumori.
626 953 750 996 ovorum
768 935 848 996 lutea
876 945 963 1004 4945.

100 1043 171 1086 cum
198 1023 283 1103 adipe
307 1026 445 1084 anserino
468 1031 499 1084 et
524 1025 648 1084 rosacio.
690 1024 729 1083 iel
756 1027 847 1084 tauri·
876 1027 1011 1098 (484344)

99 1131 174 1174 num
187 1111 234 1172 vel
248 1114 403 1190 caprinum
416 1111 560 1172 inlinitur.
579 1111 687 1192 butyro
697 1120 748 1174 aut
762 1111 847 1191 adipe
876 1123 981 1186 aspen.

61 1217 87 1256 1o
101 1203 205 1262 ursino
241 1201 450 1279 perfricantur.
510 1200 735 1278 opisthotonum
771 1199 847 1260 levat
910 1203 947 1256 ib.
1063 1208 1064 1211 ’

99 1292 187 1350 ruina
206 1306 310 1367 caprae
330 1287 453 1349 auribus
471 1288 578 1349 inlusa.
606 1288 693 1348 limus
708 1289 847 1370 caprinus
910 1289 947 1344 ih.

99 1396 169 1439 cum
182 1376 280 1438 bulbis
299 1376 442 1438 inlinitur.
471 1375 696 1456 opisthotonicis
711 1394 747 1436 ex
768 1375 847 1437 milvi
875 1387 979 1450 30,110.

98 1468 231 1526 iocinere
255 1464 337 1526 arido
360 1473 422 1528 tres
451 1464 531 1526 oholi
559 1468 591 1526 in
614 1464 710 1526 trihus
734 1465 847 1544 cyathis

98 1572 193 1635 aquae
216 1553 328 1615 medeae
356 1553 478 1615 hibendi
505 1553 620 1614 dantur.
658 1552 748 1632 adeps
771 1553 846 1633 lupi·
875 1563 979 1629 48434.

60 1660 84 1700 15
97 1663 157 1706 nus
188 1643 301 1705 utiliter
328 1643 471 1704 inlinitur.
508 1644 541 1703 in
568 1644 718 1703 cervicum
745 1641 847 1709 dolore
875 1652 962 1716 aeuo,

97 1731 227 1816 poplites
249 1732 363 1794 utiliter
390 1733 548 1812 fricantur,
578 1739 609 1791 et
636 1748 651 1791 e
676 1730 793 1790 diverso
816 1732 848 1790 in

96 1822 245 1902 poplitum
277 1820 378 1882 dolore
411 1822 558 1882 cervicem
588 1820 690 1879 fricari
722 1817 847 1880 remedi-

99 1929 151 1972 um
176 1918 230 1970 est.

165 2057 274 2112 xxm.
297 2056 458 2112 Humatis
481 2060 517 2112 et
538 2057 714 2114 lateribus.

166 2173 323 2236 Doloribus
361 2174 555 2237 humerorum
591 2174 735 2236 mustelae
771 2175 847 2234 cinis
874 2186 961 2248 30,41.

56 2279 81 2318 so
96 2281 169 2324 cum
195 2280 251 2322 ovo
276 2263 419 2323 inlinitur.
462 2263 504 2324 sal
533 2265 564 2323 in
595 2281 680 2324 sacco
708 2281 744 2322 ex
771 2280 846 2340 aqua
874 2273 981 2332 anina.

96 2352 227 2412 ferventi
250 2350 408 2411 calefactus
431 2350 566 2412 adicitur.

165 2437 244 2498 Haec
273 2457 348 2517 quae
382 2457 472 2517 supra
503 2441 612 2521 scripta
644 2448 715 2500 sunt
742 2439 845 2500 eodem

168 2667 183 2713 1
203 2659 300 2715 addito
318 2677 333 2714 r
351 2660 428 2729 (Pl).
455 2663 459 2730 Ι
484 2677 518 2715 ex
540 2661 606 2716 vino
630 2660 709 2717 cuin.
728 2679 765 2715 m.
780 2660 844 2714 mal.
865 2661 899 2715 t:
918 2661 958 2715 sic
976 2663 1001 2715 et
1015 2660 1109 2716 Marc.

88 2731 356 2800 p.12i(om.Pl.).
429 2731 516 2785 3fioo
534 2748 565 2800 9:
588 2731 642 2784 lieu
660 2730 708 2787 ab.
735 2733 739 2798 Ι
763 2733 826 2786 tuso
844 2732 887 2799 qd
908 2732 1002 2800 (unsa
1019 2749 1043 2800 r,
1061 2733 1110 2802 qud

94 2801 161 2856 add.
179 2799 356 2872 imponiturlt
385 2801 460 2856 sicca
479 2802 524 2855 Pl.
548 2804 622 2884 (eum
645 2801 700 2856 ficu
722 2800 801 2855 arida
823 2802 908 2856 tunsa
927 2803 981 2872 M).
1008 2804 1012 2872 l
1040 2803 1112 2858 Len·

91 2872 166 2926 tiela
182 2887 207 2941 9.
280 2878 297 2925 4
316 2874 345 2926 ei
361 2871 424 2941 ipsa
446 2887 533 2954 poma
549 2889 616 2926 mm.
634 2873 673 2941 pb
697 2873 758 2940 (om.
776 2889 809 2941 r.‚
833 2873 867 2941 cf.
888 2872 980 2930 Marc.
995 2891 1026 2943 p.
1047 2879 1113 2930 127:

91 2943 141 2997 fici
168 2941 238 2997 lolia
260 2944 290 2996 ei
316 2959 401 3012 poma
428 2942 552 2996 eiusdem
570 2942 671 3011 imm.):
700 2945 730 2997 ei
755 2942 842 3012 ipsius
869 2942 1022 2999 immature
1049 2947 1111 3014 (orn.

91 3014 190 3082 poma)
208 3014 234 3067 d.
261 3013 265 3079 1
290 3013 490 3067 Ammoniaco.
503 3013 669 3080 ..imposita
686 3014 730 3083 qd
747 3015 817 3083 (um
835 3016 871 3084 r).
931 3020 947 3069 6
965 3015 1035 3070 folia
1053 3014 1112 3069 alni

91 3083 140 3138 vel
158 3082 214 3137 alei
232 3084 292 3152 (eie)
310 3083 373 3152 pdh
401 3085 445 3153 (ec
462 3083 538 3152 ἀωρὶ.
558 3085 615 3137 lect.
634 3084 669 3152 ef.
688 3099 776 3153 stupra
798 3101 820 3140 c.
841 3085 894 3154 10),
921 3084 991 3140 folia
1008 3084 1069 3140 allii
1086 3097 1110 3139 r.
1206 3134 1208 3140 .

129 3153 236 3218 arunt
252 3169 283 3222 qt
311 3157 375 3208 sunt
393 3153 441 3210 dd.
516 3154 603 3209 atel:
629 3154 744 3209 fimum?
763 3155 798 3222 cf.
819 3155 864 3209 Pl.
888 3159 993 3224 28,234.
1019 3157 1023 3224 1
1048 3157 1109 3210 teu-

89 3225 186 3279 rinum
212 3224 262 3278 vel·
285 3238 336 3279 om.
355 3241 378 3279 r.
474 3225 636 3279 9Butume
664 3226 725 3295 (sic)
752 3242 783 3294 p,
814 3225 912 3280 Butiro
939 3227 966 3281 d.
992 3227 996 3295 Ι
1021 3228 1072 3281 aui
1091 3227 1110 3284 h
1196 3242 1201 3246 ·

90 3295 176 3364 (Pl.):
196 3296 226 3349 et
237 3295 281 3363 qd
298 3297 358 3364 (seu
375 3296 410 3363 r).
461 3301 495 3350 10
513 3293 733 3364 opistothoniam
750 3297 793 3365 qd
811 3295 882 3364 (nia
896 3297 912 3350 b
926 3311 962 3354 ec.
976 3296 1106 3378 levatur).

165 3370 199 3418 14
219 3363 442 3434 Opistothonicis
459 3366 549 3436 ydrb.
576 3364 580 3435 Ι
610 3382 644 3420 ex
661 3365 772 3438 m1hluo
796 3367 887 3422 cinere
905 3382 935 3436 9,
960 3383 994 3422 ex
1012 3367 1109 3420 milne

89 3435 212 3504 (milivio
231 3437 258 3504 h)
277 3437 369 3492 einero
387 3436 429 3491 dh
449 3437 494 3505 (ax
511 3433 633 3491 iocinore
651 3436 731 3492 milvi
749 3439 782 3506 r).
848 3443 880 3490 17
901 3437 1043 3492 cervicem
1056 3436 1108 3504 phe

89 3524 151 3563 -ces
170 3506 196 3560 d.
269 3507 310 3562 tit.
330 3507 375 3561 Ad
393 3507 523 3562 humeros
540 3506 570 3561 eh
587 3506 677 3562 latera
695 3507 722 3563 d.
796 3513 830 3562 40
849 3523 915 3562 ovo:
934 3523 998 3560 cera
1017 3507 1065 3560 Pl.

90 3585 125 3632 44
137 3594 208 3646 —p.
219 3581 280 3644 36,ὅ
295 3593 346 3632 om.
365 3594 387 3632 r.
426 3582 460 3631 44
475 3577 581 3647 scripte
593 3575 623 3646 9:
643 3577 754 3632 diciaci
772 3578 859 3647 (Haec
877 3576 1053 3647 praescripta
1070 3577 1105 3646 b).

908 3661 944 3717 3*
