2620 4040
472 249 715 314 -199—

87 414 174 494 lenit,
193 415 219 474 si
238 414 268 473 in
282 415 350 473 vino
364 421 464 473 vetere
484 411 572 472 detur
593 415 623 473 in
643 411 806 474 sorbitione
822 413 995 474 resolutum.

87 501 177 563 simili
190 500 278 562 modo
292 497 393 562 datum
412 501 564 562 fastidium
578 500 723 562 stomachi
736 503 900 563 nausiantis
914 519 995 562 aver-

87 593 172 652 litet
191 609 207 650 e
227 591 302 651 lucie
321 589 492 651 foeditatem
515 589 636 668 palloris
654 589 792 652 excludit.
825 607 894 652 cum
913 609 995 651 mero

86 680 227 742 haustum
255 678 388 740 calculos
411 680 500 740 etiam
527 678 637 757 quibus
663 681 779 740 vesicae
807 679 916 740 canalis
944 678 995 740 ob·

54 770 217 829 sstnritur
239 771 269 829 in
293 767 421 828 harenae
444 767 596 846 pidverem
620 767 715 829 solvit.

153 933 245 990 ΗΠ.
277 935 327 989 De
349 932 541 1003 amygdalo.

154 1049 346 1132 Amygdalum
360 1069 480 1134 recens,
498 1060 533 1113 ut
546 1049 647 1112 multis
662 1053 792 1134 videtur,
807 1051 994 1113 stomachum
1029 1044 1073 1098 Pt.

85 1147 200 1201 onerat.
237 1139 428 1201 Dioscorides
454 1143 544 1202 etiam
570 1141 712 1220 prodesse
741 1141 893 1202 stomacho
917 1119 1094 1202 arbi-²³²75·

85 1236 198 1309 tratur,
222 1230 247 1290 si
270 1249 339 1291 cum
360 1229 492 1290 iolliculo
516 1248 570 1290 suo
594 1229 718 1290 nucleus
742 1230 910 1291 devoretur.
947 1249 993 1290 ca·
1007 1204 1085 1330 137'6

84 1326 142 1398 put
165 1325 349 1399 praegravat,
378 1318 533 1398 caliginem
556 1321 665 1398 nutrit,
693 1317 885 1398 cupiditatem
908 1337 995 1379 vene·
1025 1317 1032 1344 ’
1088 1317 1095 1329 ''

44 1422 71 1461 ro
86 1409 149 1468 riae
178 1406 336 1487 voluptatis
364 1407 507 1468 accendit.
548 1408 627 1468 sicca
655 1409 742 1468 etiam
771 1415 873 1468 contra
901 1405 997 1468 chric-

85 1504 179 1557 tatcm
192 1495 303 1577 valent,
323 1498 348 1556 si
367 1503 434 1557 ante
449 1497 551 1556 viuum
569 1499 701 1575 quinque
720 1505 885 1557 sumantur.
917 1498 997 1556 sitim

86 1603 125 1645 ex
143 1585 190 1645 his
207 1583 384 1645 inflammari
401 1584 451 1645 illo
470 1593 645 1664 argumento
664 1586 789 1646 docetur
808 1585 886 1664 quod
901 1585 997 1664 vulpis

86 1691 157 1734 cum
185 1673 332 1753 amygdala
366 1673 550 1735 devoraverit
576 1693 634 1734 nec
661 1691 766 1753 aquam
799 1677 829 1734 in
861 1676 997 1753 proximo

84 1760 225 1822 habuerit
247 1765 370 1824 interire
390 1762 532 1827 creditur.
570 1779 708 1824 somnum
731 1763 857 1844 faciunt,
880 1765 997 1823 urinam

45 1863 71 1904 1⁵
86 1857 221 1932 movent,
249 1851 427 1912 feminarum
454 1853 531 1912 iusta
559 1853 763 1930 praecipitant.
802 1869 870 1910 cum
900 1850 997 1911 amulo

83 2062 217 2124 incidunt.
255 2063 344 2120 dulcia
371 2063 513 2120 stomacho
543 2065 694 2135 contraria,
725 2064 805 2120 citius
828 2071 918 2120 tamen
947 2079 998 2136 per

84 2149 214 2204 intestina
236 2147 334 2204 iluuut.
373 2149 476 2223 gummi
504 2148 563 2205 eius
586 2165 634 2206 ore
662 2147 804 2204 detentum
826 2155 855 2204 et
876 2148 997 2223 glutien-

85 2232 151 2288 dum
165 2235 278 2290 arterias
300 2231 381 2304 lenit,
403 2234 613 2290 vetustissimum
629 2241 731 2289 tusscm
747 2233 904 2308 conpescit,
936 2249 998 2290 cum

86 2333 162 2375 mero
185 2327 280 2392 potum
302 2316 422 2374 calculos
444 2319 472 2375 in
494 2319 583 2374 vesica
605 2318 717 2392 trangit.

154 2469 202 2520 De
220 2469 347 2521 tubere.

44 2574 71 2612 eo
150 2559 241 2618 'luber
254 2563 387 2620 virtutem
411 2561 493 2618 habet
513 2561 666 2636 stypticam.
696 2578 776 2636 poma
798 2563 857 2635 ipsa
879 2569 998 2617 comesta
1017 2560 1073 2629 (82)

86 2646 255 2703 stomachum
285 2648 452 2704 nausiantem
480 2654 509 2703 et
535 2645 637 2702 lluxum
659 2647 762 2702 ventris
792 2646 996 2720 coustringunt.

88 2731 192 2788 utiliter
213 2729 312 2789 (lentur
334 2732 494 2806 sanguinem
516 2728 701 2788 reicientibus.

160 2958 175 3006 1
194 2951 219 3008 si
237 2969 300 3008 cum
319 2969 346 3006 v.
365 2952 392 3006 d.
413 2951 418 3018 Ι
442 2950 532 3006 veteri
548 2951 701 3020 yoldlrb).
757 2955 774 3005 3
792 2949 959 3006 foeditatam
975 2967 1007 3019 o,
1035 2947 1105 3006 fedi·

86 3024 177 3077 tutem
193 3023 258 3096 plat.
274 3023 279 3094 Ι
295 3039 358 3078 cum
376 3037 454 3077 mero
472 3021 500 3076 h.
519 3022 557 3077 od
578 3022 718 3091 sequervtiu
735 3022 856 3090 pertinet
879 3022 939 3089 (seo.
959 3021 1105 3093 Get.)‚-ud

82 3094 251 3161 peioraue.
271 3093 348 3150 codd.
394 3099 412 3148 4
430 3092 540 3148 vesicae
559 3091 665 3148 canalis
678 3109 709 3162 9:
727 3092 821 3166 vesiop
836 3092 943 3148 eouelis
961 3111 992 3162 c,
1010 3092 1106 3149 vesica

87 3163 188 3219 curulis
211 3165 248 3223 td.
274 3167 279 3234 Ι
303 3164 432 3221 obruitur
450 3165 491 3219 ld.
551 3165 593 3219 tit.
613 3164 655 3218 De
673 3163 825 3234 amygdalo
842 3180 889 3233 uc.
954 3170 968 3219 7
989 3165 1022 3221 D.
1037 3181 1104 3221 vero

87 3235 175 3290 etiem
192 3236 237 3292 vd.
254 3237 258 3305 l
279 3236 424 3292 stomacho
442 3235 575 3305 prodesse
589 3236 634 3290 rb.
679 3240 696 3289 8
716 3235 760 3289 sui
773 3235 867 3290 nuclei
881 3237 897 3292 l.
914 3237 919 3303 Ι
939 3236 1004 3290 huto
1018 3237 1108 3290 caud

86 3305 269 3376 Amigdulum
289 3325 311 3362 c.
326 3325 367 3377 pr.
384 3349 390 3361 .
406 3348 433 3362 ..
480 3312 496 3359 9
515 3306 645 3363 veneriae
662 3306 730 3374 pot:
749 3322 885 3362 venereae
903 3307 947 3363 rb.
995 3312 1029 3362 10
1047 3306 1103 3361 vol.

88 3377 174 3432 etium
188 3378 318 3433 accondit
330 3379 376 3434 rb.
394 3380 398 3444 Ι
415 3377 526 3432 Siecum
541 3416 582 3433 ...
597 3376 676 3432 valet
689 3377 730 3430 tu.
748 3378 753 3444 Ι
769 3377 855 3432 etiem
869 3378 959 3447 yold:
977 3392 1043 3432 vero
1057 3377 1103 3433 rb.

124 3454 156 3503 11
177 3448 364 3519 sitim-(14)
383 3448 506 3503 creditur
523 3464 574 3502 cru.
588 3449 619 3506 rt.
685 3453 717 3501 12
737 3448 830 3518 vulpis
848 3450 914 3518 pol:
944 3447 1068 3518 -pesrh

89 3524 121 3572 13
141 3519 285 3576 devorarit
298 3521 315 3575 t.
363 3525 396 3575 15
416 3519 510 3575 amulo
529 3518 615 3587 (Pl.):
632 3518 784 3588 amygdala
798 3521 858 3587 (sic)
871 3536 902 3588 9,
921 3517 1065 3589 amigdala
1078 3533 1105 3585 u,

89 3589 231 3660 amigdulo
251 3592 284 3646 ld
302 3591 473 3661 (Amygdela
491 3606 602 3660 quoque
621 3607 685 3644 cum
703 3593 800 3646 meniu
818 3591 875 3659 rb).
986 3615 989 3620 Δ
