2610 4040
573 255 793 319 ,68-

440 425 612 498 nascantur,
641 420 730 478 etiam
752 417 875 478 lomenti
893 418 1010 479 assidua
1033 419 1191 479 fricatione

308 515 412 578 22120.
440 505 586 566 tolluntur
605 525 641 566 ex
660 506 733 567 oleo.
771 506 912 586 pollinem
930 525 966 567 ex
989 507 1053 567 oleo
1077 514 1191 586 tempe-

326 603 412 666 24,23.
440 588 508 655 rant
527 601 556 654 et
575 594 718 656 adiciunt:
747 595 873 656 extrahit
897 597 985 656 eninr.
1023 595 1102 656 idem
1120 597 1192 655 facit

326 691 413 755 2456.
441 690 470 743 et
485 686 708 744 ammoniacum.
741 683 838 744 salicis
852 702 1003 744 ramorum
1023 687 1192 763 primorum

442 772 568 831 cortices
591 779 758 833 exuruntur
780 790 943 852 eorumque
964 775 1038 832 cinis
1058 792 1094 833 ex
1113 782 1218 851 aqua⁵

308 869 412 932 28,222.
440 861 597 938 impositus
626 860 710 922 tollit.
748 867 875 922 utuntur
899 868 929 921 et
952 879 1020 922 sevo
1045 861 1192 922 bubulino

325 957 413 1020 30,81.
441 965 510 1007 curn
541 951 618 1008 turis
649 949 767 1028 polline.
809 952 895 1010 urina
923 952 1003 1010 canis
1034 953 1101 1010 tum
1135 969 1192 1010 suo

440 1034 504 1095 luto
528 1037 699 1116 imponitur.

508 1196 629 1260 XXVI.
653 1203 827 1272 Podagrae
856 1200 975 1258 dolori.

327 1313 413 1375 3122.
510 1301 629 1363 Muscas
649 1305 700 1381 qui
723 1305 754 1364 in
769 1291 844 1383 aliua
867 1305 1001 1364 nascitur
1024 1305 1113 1364 tritus
1136 1307 1193 1364 irn-

297 1391 414 1463 (24,188)
442 1392 557 1469 positus
584 1390 715 1469 prodest.
752 1393 847 1453 farina
873 1393 1016 1453 frumenti
1047 1400 1131 1454 cocta
1154 1400 1238 1452 ex1⁰

310 1488 414 1550 32,110.
443 1485 525 1538 aceto
540 1480 718 1557 imponatur.
746 1480 860 1541 utiliter
878 1479 962 1541 dolor
984 1488 1194 1560 perunguetur

443 1561 553 1645 (oleo)
585 1569 617 1626 in
646 1585 704 1646 quo
733 1568 854 1630 decocta
882 1571 942 1629 sint
974 1587 1115 1631 ranarum
1145 1571 1195 1630 in-

342 1655 378 1710 ib.
443 1656 559 1715 testina.
609 1673 698 1716 ranae
734 1656 857 1718 rubetae
893 1660 968 1718 cinis
1001 1677 1069 1718 cum
1105 1657 1195 1737 adipe

310 1751 551 1823 2214002010.
578 1743 719 1822 palustris
742 1745 807 1806 lens
826 1749 959 1807 nascitur
982 1748 1013 1806 in
1032 1765 1107 1826 aqua
1130 1764 1196 1806 non

441 1831 621 1912 profluente,
640 1834 863 1912 refrigeratoria
877 1838 940 1896 sine
956 1837 1195 1915 comparatione:
1212 1842 1239 1880 1⁵

442 1921 514 1982 baec
533 1923 695 2000 imponitur
715 1923 761 1983 vel
780 1942 835 2002 per
854 1943 885 1984 se
908 1926 1035 1984 contrita
1048 1923 1103 1996 ,vel
1122 1942 1197 1984 cum

328 2019 413 2082 3072.
443 2008 569 2088 polenta.
607 2010 691 2090 adipe
711 2013 844 2090 viperino
864 2011 955 2091 pedes
973 2019 1195 2092 perunguntur.

176 2107 265 2171 30:18.
291 2099 415 2170 *(2020
444 2099 586 2177 sanguine
614 2098 695 2159 milvi
724 2101 815 2178 pedes
847 2102 1064 2179 perunguntur.
1105 2100 1198 2178 ibisci

191 2179 227 2245 Cf·
244 2177 415 2250 Gricium).
443 2185 558 2246 radices
582 2194 681 2247 coctas
701 2205 770 2248 curn
788 2191 913 2268 axungia
934 2190 1042 2249 misces
1062 2196 1091 2249 et
1114 2197 1196 2249 cata-

443 2273 554 2353 plasma
590 2275 716 2354 pedibus
753 2279 847 2356 ponis.
898 2276 1007 2337 malvae
1046 2279 1195 2338 erraticae
1211 2285 1242 2324 2⁰

251 2463 437 2535 llumentip
459 2463 587 2533 (iumenti
605 2465 666 2534 tm).
739 2471 754 2518 2
774 2464 912 2520 tolluntur
935 2481 968 2518 ex
992 2464 1062 2520 oleo.
1094 2463 1196 2520 Fimus

176 2535 539 2592 columbinus—subactus
566 2535 720 2606 imponitur
742 2536 783 2604 qd
811 2537 869 2604 (qui
896 2537 986 2589 eadem
1013 2551 1083 2604 quae
1104 2551 1198 2604 supra

174 2613 254 2678 pot,
262 2612 366 2662 14-15
380 2609 478 2662 iterum
491 2608 536 2661 bic
549 2608 692 2676 repetunt).
720 2607 803 2660 codex
816 2605 945 2675 9040442)
961 2605 1041 2658 addit
1050 2610 1198 2674 practerea

179 2695 248 2750 quoe
265 2682 291 2735 ot
307 2694 395 2748 supra
413 2679 555 2734 adductio
577 2678 659 2732 fimus
678 2675 740 2746 apri
757 2675 804 2732 vel
826 2674 922 2730 suis-
928 2675 1042 2744 prodest
1070 2677 1123 2744 (bic
1142 2692 1198 2733 om.

179 2751 293 2818 recens).
319 2754 324 2818 1
352 2749 487 2818 pollinem
514 2750 564 2818 pt:
596 2748 717 2819 pollines
740 2747 766 2802 d.
847 2752 863 2800 3
892 2744 1015 2800 extrahit
1041 2762 1077 2802 sc.
1101 2744 1200 2803 clavos

120 2831 125 2836 '
155 2815 226 2888 '(c'f.
244 2821 307 2901 sep.)
357 2821 423 2874 tet
439 2820 491 2890 pbr
510 2820 547 2874 ad
565 2820 591 2874 d.
617 2823 621 2888 Ι
647 2819 812 2888 primorum:
831 2833 983 2886 prunorum
1002 2817 1026 2872 b.
1074 2823 1198 2874 osaevo

180 2889 317 2944 bubulrno
335 2905 365 2958 p:
385 2905 450 2945 sevo
468 2889 574 2944 bubulo
593 2890 621 2958 b,
640 2887 739 2944 bubuli
756 2905 821 2944 sevo
839 2888 866 2944 d.
922 2893 937 2940 'l
957 2888 1046 2943 canis:
1066 2889 1101 2954 cf.
1121 2888 1200 2943 asini

183 2960 228 3016 Pl.
248 2965 344 3028 28,222
365 2960 468 3027 (Marc.
483 2977 514 3028 p.
529 2962 599 3030 233).
617 2963 620 3029 l
637 2977 686 3015 suo
702 2960 761 3013 Pr:
780 2959 839 3014 solo
857 2959 927 3028 qdb.
972 2959 1014 3013 tit.
1028 2979 1128 3014 xxvnn
1143 2959 1201 3013 Po·

182 3030 286 3102 degree
305 3030 395 3085 dolori
412 3047 442 3100 p,
461 3029 505 3086 Ad
522 3031 705 3102 podagricum
724 3029 850 3086 dolorem
868 3030 894 3084 d.
938 3034 972 3084 10
990 3029 1136 3084 frumenti:
1158 3032 1200 3086 aie

182 3107 207 3158 et
221 3101 313 3158 Marc.
323 3118 354 3171 p.
365 3107 425 3158 250.
468 3108 499 3157 11
518 3101 679 3172 imponatur
692 3119 722 3172 9:
737 3100 823 3156 nitur
833 3101 881 3156 dt.
897 3103 902 3170 1
917 3102 1108 3171 perunguetur
1116 3117 1134 3170 9
1144 3103 1200 3170 (b):

183 3171 305 3242 ·giturd.
345 3178 377 3227 12
393 3173 455 3228 olco
469 3173 536 3243 (Pr,
547 3175 581 3240 cf.
593 3174 684 3228 Marc.
696 3190 726 3241 p.
737 3175 812 3242 246):
827 3188 876 3227 om.
887 3173 978 3241 pdrt.
995 3173 999 3240 l
1016 3171 1099 3241 sintp
1113 3171 1201 3240 (Pl.):

183 3244 248 3298 sunt
266 3244 313 3298 db.
388 3251 421 3298 14
439 3243 571 3314 palustris
595 3244 675 3313 (Pl.):
703 3244 735 3296 ln
753 3242 886 3313 palustris
909 3243 987 3312 pom,
1015 3243 1048 3296 In
1065 3242 1203 3312 palustri-

182 3315 235 3371 bus
253 3315 302 3372 db.
353 3321 386 3370 18
405 3314 540 3384 sanguine
559 3313 639 3370 milvi
657 3333 683 3384 p.
702 3333 730 3384 p.
748 3331 767 3384 9
791 3314 835 3382 (cf.
855 3313 938 3382 Sillip
957 3319 982 3369 et
999 3313 1072 3368 Doti.
1093 3314 1131 3368 ad
1152 3315 1203 3368 Pl.

183 3391 342 3457 corruptum
360 3392 439 3454 30,Ὶὸ
463 3391 487 3439 et
507 3385 598 3441 Marc.
617 3402 648 3455 p.
668 3389 744 3454 24c):
772 3386 816 3440 iric
839 3401 889 3440 om.
908 3385 939 3452 d,
968 3385 1018 3454 qui
1039 3387 1206 3452 transponit

179 3462 243 3526 port
260 3474 285 3512 v.
305 3461 339 3511 20
362 3455 480 3524 pedibus
503 3455 590 3524 ponis.
608 3458 612 3523 l
628 3456 723 3512 Ebisci
740 3473 770 3526 p,
798 3455 893 3512 Evisci
910 3456 950 3510 dl)
979 3457 1052 3524 (cum
1075 3456 1207 3526 axungia

184 3543 235 3581 om.
255 3528 300 3582 Pl.
323 3531 349 3582 et
368 3525 433 3582 Cels.
453 3525 502 3595 qui
523 3526 622 3580 babent
644 3545 678 3582 ex
695 3527 781 3595 vino).
856 3532 888 3583 19
908 3525 1083 3595 cataplasma
1102 3526 1164 3596 (sic)
1183 3546 1206 3598 9

184 3597 244 3666 (boc
262 3613 313 3652 om.
334 3595 388 3663 Pt,
406 3595 485 3651 babet
504 3596 614 3666 Celsos).

225 3681 228 3688 v
