2620 4040
465 288 506 296 —-
555 249 636 315 179.
665 288 706 294 —

81 417 108 475 si
135 414 181 474 vei
208 414 278 474 folia
305 414 367 474 sola
394 413 517 474 decocta
545 415 612 474 sint.
654 413 826 474 adnotatum
854 415 885 474 in
912 417 987 494 piris

80 503 162 582 quod
189 511 308 583 praeter
335 502 391 564 alia
417 521 504 582 poma
532 519 641 582 corpus
674 504 790 564 nutrire
818 501 988 564 credantur.

80 591 210 652 Galenus
237 591 372 652 adfirmat
398 593 463 671 pira
489 592 598 651 ieiunis
629 589 726 652 oblata
754 599 888 652 ventrem
917 610 986 653 con·
1005 596 1076 652 uhi?

80 682 243 761 stringere,
262 678 365 741 eadem
378 688 447 760 post
465 679 566 742 cibum
581 688 697 759 sumpta
716 679 886 741 dissolvere.
918 680 988 742 solia

52 771 182 848 signitis
200 769 317 830 admota
334 767 512 830 vulneribus
529 776 656 848 possunt
677 770 811 848 mitigare
830 769 986 830 servorem.

79 859 164 918 radix
189 859 249 937 piri
271 857 387 937 alligata
414 857 548 946 tamdiu
572 857 705 924 creditur
732 865 911 938 conceptum
933 859 986 918 im·
1033 867 1048 901 *

78 947 183 1026 pedire
207 965 363 1026 quousque
390 954 536 1026 portetur.
573 948 657 1008 aiunt
683 954 714 1007 et
741 949 805 1026 ipsa
830 965 917 1026 poma
940 965 986 1006 re-

79 1034 224 1096 movenda
246 1053 315 1096 cum
338 1036 464 1096 feminae
487 1042 591 1114 partus
608 1033 758 1097 incubuit:
782 1037 808 1096 si
829 1035 987 1099 incudem

79 1124 145 1184 ioco
168 1124 296 1204 fuerint,
323 1123 484 1185 difficulter
506 1125 587 1185 uteri
616 1123 743 1185 claustra
766 1126 903 1185 reserari.
941 1142 986 1184 se-

39 1228 65 1267 no
79 1231 149 1273 men
171 1214 307 1292 pirorum
330 1231 399 1275 cum
422 1212 509 1274 melle
532 1213 695 1274 contritum
713 1220 744 1273 et
767 1230 854 1292 saepe
877 1214 987 1273 iciunis

80 1301 182 1362 datum
205 1301 347 1363 traditum
370 1301 502 1374 dolorem
526 1303 634 1363 iecoris
659 1300 843 1364 submovere.

146 1490 234 1558 XLI'.
266 1504 316 1558 De
338 1502 431 1558 malo
454 1504 607 1572 granam.

146 1617 189 1680 De
216 1623 319 1700 punici
346 1619 452 1681 arbore
485 1619 564 1700 qnod
592 1622 652 1681 vim
684 1624 839 1702 stypticam
873 1619 987 1683 obtinet
1018 1629 1056 1683 D.

79 1726 183 1770 omnes
207 1709 269 1769 iere
288 1708 396 1770 medici
419 1727 478 1770 una
496 1711 635 1789 opinione
654 1712 853 1772 consentiunt.
883 1728 987 1771 verum
998 1705 1087 1769 t‚151.

79 1799 110 1857 in
133 1798 199 1877 ipso
222 1815 331 1876 genere
350 1816 508 1878 pomorum
526 1796 682 1859 dissonans
700 1801 794 1860 virtus
815 1807 845 1859 et
868 1798 986 1878 quadri-

40 2041 65 2082 15
143 2028 270 2085 Pirorum
297 2036 393 2086 natura
419 2029 553 2103 styptica,
582 2043 685 2103 genera
711 2027 805 2084 multa.
855 2027 983 2101 quaedam
1004 2038 1059 2106 (67)

78 2113 152 2170 acida
175 2111 311 2169 hahentur
333 2112 463 2187 quaedam
485 2111 607 2170 dulciora
622 2111 753 2186 quaedam
769 2120 887 2172 austera.
917 2129 987 2186 quac

78 2205 144 2255 sunt
166 2196 241 2254 acida
263 2196 362 2254 habent
384 2197 485 2272 aliquid
512 2197 625 2268 caloris,
656 2196 726 2254 unde
747 2196 910 2272 plerumque
932 2197 986 2255 dis-

78 2284 191 2340 solvunt
212 2282 353 2339 stomacho
376 2282 518 2338 inhaerens
541 2281 639 2357 flegma
661 2281 860 2344 densissimum.
899 2282 986 2340 dulcia

78 2383 147 2440 quae
169 2373 235 2422 sunt
256 2367 347 2441 aquati
363 2374 391 2422 et
412 2367 496 2423 soluti
511 2367 616 2443 saporis
638 2365 705 2422 nihil
726 2367 754 2422 in
776 2383 807 2424 se
828 2384 917 2442 neque
939 2367 987 2424 iri-

39 2467 63 2506 no
78 2450 135 2526 gidi
157 2466 247 2525 neque
268 2450 346 2508 calidi
368 2452 518 2508 continere.
549 2467 582 2508 en
605 2450 703 2525 quihus
719 2452 835 2526 singulis
857 2468 908 2526 pro
932 2451 986 2508 dis·

76 2537 189 2592 crimino
211 2551 343 2609 generum
357 2545 386 2592 et
407 2536 569 2593 necessitate
588 2551 728 2592 cansarum
744 2535 892 2592 ordinanda
906 2536 985 2592 etiam

76 2618 197 2677 subsidia
223 2618 411 2676 medellarmn.
447 2627 556 2676 austera
579 2627 606 2676 et
632 2619 706 2676 acida
733 2621 760 2675 in
788 2619 850 2676 cibo
877 2627 985 2693 sumpta

75 2704 225 2780 stomacho
241 2705 420 2776 conveniunt,
444 2705 517 2760 sitim
539 2711 664 2763 movent:
698 2703 787 2760 dulcia
809 2704 836 2760 in
860 2703 985 2760 omnibus
1067 2703 1070 2708 “

76 2789 222 2846 contraria.
260 2798 321 2846 ante
345 2788 433 2846 cibum
461 2785 569 2864 sumpta
590 2797 711 2864 ventrem
734 2789 891 2864 stringunt,
920 2797 986 2862 post
1022 2825 1029 2842 .

36 2893 61 2932 as
76 2872 165 2930 cibum
188 2873 308 2930 solvunt.

147 3117 161 3163 1
182 3110 300 3166 decocta
316 3111 406 3180 poids
434 3109 560 3166 discocta
581 3111 626 3165 rb.
691 3117 707 3166 1
727 3110 877 3166 credantur
894 3112 984 3181 quid:
1012 3113 1092 3168 -dun-

72 3184 119 3236 tur
136 3182 182 3237 rb.
229 3187 260 3238 -3
279 3181 411 3238 Adfirmat
433 3179 520 3237 chiam
538 3181 661 3236 Galenus
679 3183 724 3237 rb.
746 3185 750 3252 Ι
775 3181 910 3238 Golianus
929 3183 993 3253 Ην).
1015 3185 1019 3252 Ι
1044 3185 1093 3238 ad·
1131 3201 1133 3206 ’

71 3253 168 3308 finnah
184 3267 222 3322 qo
241 3251 322 3321 (dicit
339 3254 376 3322 d).
393 3255 397 3322 t
412 3254 552 3308 ventrem:
575 3269 706 3309 venerem
725 3254 735 3308 t
753 3254 822 3322 (ooo
838 3254 876 3324 d).
938 3259 954 3308 5
973 3257 1092 3324 possunt

70 3325 163 3394 qoidz
181 3339 231 3380 orn.
251 3325 296 3380 rh.
350 3330 368 3379 6
385 3323 466 3379 mdix
483 3339 551 3380 vero
568 3342 596 3393 p.
615 3325 681 3394 rial
701 3324 801 3380 tandiu
819 3325 849 3381 h:
869 3324 918 3380 diu
935 3326 1066 3396 quido).
1084 3326 1088 3398 1

70 3395 111 3449 im
132 3393 210 3451 edire
227 3411 258 3465 q,
279 3395 406 3522 inpedire
424 3412 449 3451 o.
487 3395 589 3452 1881
607 3394 682 3450 enim
704 3395 735 3450 in
757 3397 802 3452 rh.
828 3398 833 3465 Ι
857 3395 997 3452 incumbit
1013 3398 1040 3451 d.

70 3472 86 3521 9
138 3465 282 3538 edith!
327 3483 408 3522 emon
426 3467 630 3536 autumprh.
695 3473 729 3523 10
752 3466 1013 3538 contritumque:
1040 3467 1090 3522 hri·

68 3539 134 3592 tum
148 3538 197 3602 oh.
249 3544 281 3593 11
301 3537 437 3594 traditum
456 3539 502 3607 (ac.
522 3539 576 3607 enh)
593 3539 713 3609 noum:
731 3539 854 3594 traditur
872 3539 912 3594 id.
965 3544 999 3593 12
1013 3539 1088 3609 styp-

68 3609 130 3666 tica
147 3626 177 3665 o:
196 3607 340 3681 stipticum
357 3624 384 3678 q.
400 3609 405 3681 Ι
421 3609 533 3680 optinet
549 3610 616 3680 ott).

875 3697 931 3752 12*
