2610 4040
500 229 718 292 ,47-

103 407 194 450 sucus
224 391 310 470 potui
345 389 441 450 detur.
489 391 705 451 ammoniacum
736 392 850 470 potioni
878 402 965 466 2423.

101 479 231 540 additur.
261 477 334 539 ulmi
353 485 456 539 cortex
474 486 574 540 tusus:
597 477 710 538 denarii
732 479 850 559 pondus
878 491 965 554 24,48.

100 569 133 628 in
146 567 265 628 bomine
279 584 371 645 aquae
390 565 513 647 frigidae
533 568 622 628 etiam
635 575 750 647 purgat.
775 587 850 648 equa
877 579 965 643 socc.

99 656 214 722 bibitur
231 658 263 717 in
283 673 340 735 qua
359 655 512 734 gallinacei
531 655 712 717 decoxerint.
744 655 848 718 hirun·
912 661 948 716 ib.

71 746 222 807 ⁵diniuns
240 746 327 806 limus
346 743 461 806 adiecto
481 742 566 804 melle
591 746 771 824 suppositus.
805 763 848 805 se·
922 751 937 785 *

100 835 168 895 licis
182 853 272 895 sucus
291 852 327 894 ex
340 835 409 893 rino
428 831 524 893 mulso
543 840 671 912 potatus.
705 832 847 894 thalasso·
877 844 964 908 enoc.

99 923 172 984 meli
204 923 418 984 iucundissime
456 928 564 1001 purgat
603 923 668 982 sine
705 921 849 982 stomachi

99 1015 270 1095 venatione,
293 1019 323 1073 et
345 1011 436 1071 odore
459 1017 543 1089 grato
567 1017 597 1071 et
621 1026 736 1089 sapore.
769 1009 850 1088 quod
912 1011 950 1074 io.

100 1106 144 1164 sic
177 1103 243 1163 fieri
274 1099 375 1161 debet:
406 1118 499 1179 oquae
531 1100 663 1159 marinae
695 1106 725 1157 el
756 1114 849 1175 aquine

57 1206 85 1246 10
100 1191 239 1254 caelestis
265 1189 370 1250 eadem
396 1205 535 1250 mensura
564 1195 594 1247 et
626 1184 684 1246 mel
716 1184 850 1245 eiusdem

99 1281 247 1362 portionis
270 1281 501 1358 permiscentur,
525 1284 555 1336 et
578 1281 712 1336 servatur
730 1275 761 1333 in
782 1290 850 1344 vaso

101 1367 186 1431 fictili
208 1369 314 1448 picoto.

171 1573 228 1634 Vl.
251 1572 371 1632 Ventri
393 1567 555 1630 sistendo.

173 1694 278 1756 Cancri
297 1693 454 1756 fluviatiles
472 1697 536 1757 triti
554 1714 590 1756 ex
609 1714 685 1775 aqua
700 1696 852 1760 bibruntur.
880 1707 992 1771 323101..

102 1785 191 1846 sativi
209 1785 311 1844 siseris
331 1801 422 1844 sucus
440 1786 472 1845 in
490 1787 611 1864 caprino
630 1785 707 1849 lecte
724 1793 852 1864 potatur.
882 1795 968 1859 nuso.

60 1883 86 1925 1⁵
102 1875 235 1933 ocimum
253 1874 358 1932 tritum
375 1874 474 1934 ventri
491 1873 635 1935 inlinitur.
663 1876 806 1953 punicum
821 1875 856 1934 in
881 1883 985 1946 colec.
1015 1882 1127 1946 22‚131.

101 1961 180 2022 lacte
204 1962 325 2039 caprino
343 1959 500 2024 decoctum
522 1979 605 2024 more
630 1961 802 2024 sorbitionis
820 1963 852 2021 in

101 2050 152 2110 die
177 2051 313 2110 sumitur.
346 2056 431 2110 vetus
449 2051 535 2130 ponis
555 2052 693 2112 nauticus
712 2057 799 2110 tusus
822 2056 853 2109 et
881 2060 985 2122 22‚138.

99 2141 213 2200 iterum
233 2144 336 2198 coctus
355 2155 392 2196 en
411 2154 486 2216 equa
500 2136 621 2198 bibitur.
645 2140 676 2198 in
695 2154 770 2215 equa
786 2143 851 2197 'cor-
881 2148 992 2211 22,141..

100 2229 180 2288 tices
196 2225 279 2286 sabee
298 2225 334 2284 ad
348 2227 451 2285 tertias
470 2225 609 2286 decoctae
623 2232 759 2305 prosunt.
787 2225 852 2286 lens
881 2237 986 2300 22‚142.

59 2330 86 2370 ro
100 2334 139 2375 ex
166 2332 240 2393 aqua
264 2313 383 2374 coelesti
406 2313 528 2375 decoctu
551 2313 698 2376 sorbetur.
735 2321 853 2375 acetum
881 2324 968 2389 nouo.

99 2417 222 2463 merum
250 2403 387 2462 sumitur.
433 2401 508 2462 mala
537 2400 684 2464 silvestria
713 2401 851 2464 eduntur.
881 2413 986 2476 23‚104.

100 2508 182 2569 aqua
198 2492 229 2550 in
248 2508 306 2570 quo
324 2491 389 2569 piro
408 2492 536 2570 agrestia
554 2499 638 2552 cocta
652 2493 712 2554 sint
730 2491 851 2552 bibitur.
881 2500 985 2564 23‚116.

100 2579 285 2640 silvestrium
312 2596 478 2658 prunorum
506 2577 595 2640 bacae
618 2579 664 2639 vel
691 2598 728 2639 ex
751 2579 851 2642 radice
880 2587 985 2650 23,133.

100 2667 232 2728 cortices
250 2668 282 2726 in
296 2667 364 2726 rino
384 2674 503 2728 urrstero
518 2666 727 2746 decoqurmtur
744 2673 778 2726 ut
792 2672 851 2724 ler-

137 2871 544 2942 niumusbicqmnleoeemper
552 2870 789 2943 buous).lpondus:
799 2871 840 2927 oio
849 2871 921 2942 udb.
941 2871 1034 2942 lquo(
1054 2868 1123 2940 ⁸)d.

102 2940 245 3014 rgallinue
263 2941 349 3011 pedes
367 2941 476 2997 decocti
494 2942 599 2998 fuerint
616 2959 638 2997 r.
663 2945 670 3012 1
694 2942 860 2998 hirundines
883 2941 931 2997 db.
978 2945 994 2995 ὅ
1018 2957 1120 3011 suppo·

98 3013 179 3068 nitur
196 3026 218 3066 r.
292 3013 442 3082 opolatus
460 3012 538 3068 ualet
559 3029 583 3067 r.
608 3015 612 3082 Ι
642 3012 759 3068 Telemo
781 3012 861 3069 melli
883 3013 910 3067 d.
984 3015 999 3064 7
1023 3010 1119 3066 iocun-

98 3081 216 3139 dissime
232 3083 275 3151 od
292 3083 359 3150 (bio,
377 3085 424 3138 ced
440 3082 639 3138 iucundissime
656 3100 675 3153 q
694 3087 756 3154 1,3).
821 3086 917 3152 oport
935 3081 1021 3136 debet
1039 3083 1119 3136 edoti-

97 3161 149 3210 tur
167 3153 199 3208 iu
217 3157 293 3209 mutu
310 3155 376 3224 odo
393 3153 537 3210 Confectio
561 3153 686 3209 thalasso
704 3153 787 3209 melis
814 3153 953 3222 (ibolessc
969 3151 1062 3208 mellis
1080 3153 1118 3222 d).

192 3223 1118 3379 carnotenum⁸ursuo·.¹..urrurur

98 3367 156 3422 eris
175 3367 226 3438 (ooo
254 3366 274 3421 d
297 3366 390 3436 (subm
409 3381 509 3420 omens
523 3366 569 3433 br,
582 3365 656 3420 Mon
668 3366 714 3421 rb.
743 3366 779 3433 of.
793 3365 889 3420 Frons
902 3366 930 3433 fl.
945 3365 977 3419 el.
993 3368 1117 3418 144.140.

98 3439 184 3506 Groff
269 3437 372 3492 acherio.
402 3447 430 3487 ιι
445 3438 515 3506 845).
575 3442 608 3490 17
632 3436 662 3490 in
689 3435 734 3490 die
758 3437 833 3491 clrb:
858 3436 903 3491 bis
922 3433 968 3490 dio
988 3433 1058 3501 Pil
1089 3434 1119 3486 et

97 3525 150 3564 om.
169 3509 197 3564 d.
270 3513 305 3563 20
329 3508 468 3563 norbetur:
496 3508 530 3574 cf.
549 3523 637 3576 supra
656 3522 677 3560 c.
688 3511 713 3562 5.
769 3511 802 3561 22
823 3506 905 3632 ἕως
933 3518 1023 3574 pruno
1047 3501 1119 3584 orb,

97 3582 190 3636 bruno
205 3579 264 3650 (eie)
278 3579 304 3634 d.
355 3585 389 3634 23
404 3577 544 3634 silvestria
557 3579 583 3633 d.
605 3579 610 3646 l
629 3591 819 3647 prunorumq
844 3618 850 3630 .
900 3580 936 3629 24
950 3573 1055 3628 costen
1067 3573 1118 3640 qd.
