2620 4030
499 207 717 271 „79-

165 379 205 433 V.
228 377 283 432 Ad
306 346 424 446 panca.

163 477 350 540 Nasturtium
387 495 456 538 cum
488 480 553 558 pice
590 496 683 557 panos
716 477 845 540 discutit.
874 491 980 553 22122.

95 564 243 645 <222122212
276 563 348 645 aut>
382 561 651 627 maturescentibus
682 568 845 646 imponitur
874 578 979 640 22143.

93 655 160 716 1222
183 674 221 716 ex
248 663 332 716 aceto
359 656 498 716 discocta.
535 673 639 715 ervum
667 674 735 716 cum
757 654 845 716 melle
874 666 979 729 22152.

92 745 201 805 tritum
234 752 264 804 et
294 747 467 823 impositum
500 762 665 824 suppurare
697 743 845 823 prohibet.

66 832 190 911 ⁵lupini
214 851 250 893 cx
273 841 357 893 aceto
380 835 458 893 cocti
477 840 528 893 aut
550 835 689 894 nrinuunt
711 841 762 893 aut
785 851 843 893 ma·
873 843 980 906 22152.

93 928 207 982 iurant.
243 921 334 981 ficum
357 939 393 981 cx
416 923 484 981 vino
508 921 671 981 discoctam
695 928 724 981 et
747 930 844 982 tusam
873 931 980 995 23,122.

93 1011 262 1088 imponunt.
312 1012 426 1070 viscum
458 1017 489 1070 et
520 1011 650 1070 resinam
683 1017 713 1070 et
746 1028 844 1070 ceram
873 1020 960 1083 24,11.

93 1100 199 1176 aequis
226 1097 409 1177 ponderibus
432 1100 556 1159 remissa
576 1101 750 1177 imponunt.
786 1097 845 1176 gal-
874 1108 960 1171 2421.

92 1185 206 1247 benum
228 1205 283 1266 per
307 1169 355 1248 s?
367 1187 498 1266 prodest.
535 1186 596 1247 leni
625 1189 723 1264 graeci
751 1186 846 1246 farina
874 1196 979 1260 24,188.

55 1286 79 1325 1⁰
94 1293 134 1336 ex
155 1274 336 1354 hydromelle
360 1275 483 1336 decocta
502 1274 599 1335 addita
619 1277 744 1353 axungia
767 1275 844 1334 miti·

93 1371 146 1444 gat
169 1363 310 1424 dolorem.
345 1365 441 1444 aperit
463 1381 556 1443 panos
575 1381 678 1424 sevum
696 1362 844 1442 pecudum
872 1371 985 1446 2225.ν

93 1470 166 1514 cum
189 1452 248 1513 sale
268 1460 355 1513 tosto.
387 1452 509 1513 discutit
527 1453 665 1513 murinus
688 1451 843 1513 112222211-
907 1451 944 1505 ib.

93 1541 158 1602 dito
177 1543 253 1602 turis
267 1539 376 1620 polline
392 1549 421 1602 et
436 1540 607 1622 sandaraca,
625 1541 735 1602 lacerta
754 1540 845 1600 divisa
908 1539 945 1593 21).

92 1629 198 1690 viridis
213 1631 364 1712 imposita,
386 1626 502 1690 cocleae
523 1637 608 1690 tnsae
624 1631 698 1690 cinis
713 1631 846 1689 inanium
908 1627 945 1680 io.

56 1727 80 1768 1⁵
94 1718 266 1779 coclearum
289 1737 374 1778 cerae
398 1720 522 1798 mixtus,
544 1719 632 1778 limus
656 1717 843 1779 columbinus

92 1825 149 1887 per
175 1825 206 1867 22
226 1807 272 1867 221
292 1826 359 1868 cum
378 1807 472 1868 farina
494 1806 659 1866 hordeacea
678 1809 844 1886 impositus.
908 1803 946 1857 cl>-

94 1896 272 1957 echinorum
294 1903 389 1956 testae
413 1903 554 1956 contusae
577 1913 613 1955 ex
636 1913 711 1973 aqua
734 1893 844 1955 inlitae.
873 1899 1005 1978 32122..

93 1987 171 2045 21212
206 1987 355 2045 muricum
386 1984 432 2044 221
467 2001 670 2063 purpurarum
707 2001 743 2042 ex
779 1981 844 2042 oleo
907 1979 945 2033 ib·

92 2081 196 2134 vetere
229 2075 291 2134 2122
322 2075 498 2152 incipientes
527 2071 649 2134 discutit
682 2073 742 2132 sive
776 2089 844 2131 con-
985 2127 989 2140 ,

54 2171 79 2210 2⁰
93 2171 198 2223 coctos
222 2164 325 2241 aperit.
362 2163 462 2222 cancri
483 2161 616 2222 fluviales
639 2161 702 2220 triti
725 2159 844 2220 meden·
908 2156 945 2210 cb.

91 2259 153 2312 tur.
197 2250 372 2311 salsamenta
400 2257 483 2310 cocta
514 2257 544 2310 ct
575 2251 721 2328 irnposita.
764 2256 867 2310 creta·
909 2244 945 2298 ib·

93 2338 214 2400 cimolia
249 2341 320 2399 trita
356 2355 391 2399 er
429 2346 512 2411 aceto
549 2338 676 2398 cohibet.
722 2340 845 2398 ursinus
873 2340 978 2404 35‚195.

93 2429 217 2506 sanguis
241 2427 376 2509 discutit,
403 2429 475 2488 item
504 2429 640 2487 taurinus
664 2425 764 2486 aridus
792 2427 844 2485 tri·
874 2430 979 2494 28‚217.

93 2523 152 2578 tus.
191 2516 318 2596 ungulae
343 2518 467 2595 equinae
492 2517 567 2576 cinis
591 2534 659 2575 cum
682 2514 762 2594 oleo,
789 2513 843 2572 hu·
908 2511 945 2564 ib·

55 2611 79 2651 ²⁵
92 2603 185 2666 bulus
209 2600 372 2684 (sanguis)
396 2604 540 2664 inlinitur.
576 2604 679 2664 fimum
696 2602 847 2662 hircinum
908 2599 945 2652 cc.

245 2695 262 2728 Ο

167 2775 209 2831 att.
228 2774 273 2829 Ad
291 2791 378 2844 panas
397 2791 466 2844 qnae
484 2774 630 2845 paniculas
649 2790 699 2828 nos
723 2771 841 2826 dicimus
858 2786 890 2838 9,
913 2765 959 2821 Ad
975 2782 1063 2836 panas
1082 2771 1116 2824 21

92 2845 241 2915 paniculas
259 2847 286 2900 d.
333 2852 455 2916 lpnnas
474 2846 564 2914 pdrb.
611 2841 765 2899 2222212212
783 2839 965 2909 2221222921.
1020 2837 1111 2894 32112-

93 2919 179 2972 22212
196 2932 226 2986 p:
245 2916 362 2971 decocta
379 2917 428 2985 rb,
455 2915 573 2970 discutit
605 2916 665 2982 (coi
688 2930 757 2969 corr.
775 2927 914 2982 suprascr.
935 2909 1041 2992 coquit)
1063 2911 1112 2964 itc-

93 3005 158 3054 rum
177 2988 203 3042 d.
228 2988 234 3059 Ι
258 3004 355 3042 ervum
373 2988 440 3056 (Ρ1.,
460 2987 503 3042 M.
519 3004 549 3056 p.
569 2988 645 3056 224):
670 3003 748 3041 erum
765 3000 797 3053 9,
820 2982 962 3037 2122222221
986 2984 1112 3051 (1psaque

93 3089 129 3099 -
153 3075 190 3114 ec.
209 3057 397 3114 lens-cocta
426 3060 456 3114 21
472 3059 523 3138 rb,
552 3059 599 3112 sed
620 3057 739 3125 inscius
761 3056 845 3109 iidem
873 3053 973 3136 2221122
996 3053 1112 3136 ervum).

130 3136 148 3185 8
168 3129 315 3185 remissum
332 3145 362 3201 9,
386 3128 531 3184 remissam
549 3129 568 3184 d
595 3129 655 3197 (om.
674 3129 729 3196 rb).
803 3125 896 3180 212222
913 3139 1008 3194 graecr
1032 3122 1116 3192 (Pl.):

92 3200 213 3256 feniculi
229 3201 319 3270 92122.
376 3206 408 3254 11
428 3216 516 3270 panas
534 3201 624 3270 pdrb.
676 3204 709 3252 15
729 3213 809 3252 ceree
825 3196 861 3251 rb
881 3194 963 3264 (Pl.):
983 3210 1047 3248 2222
1064 3194 1114 3263 pd.

133 3277 167 3325 17
190 3271 380 3327 Aechinorum
401 3287 427 3341 9.
500 3276 533 3326 19
553 3271 702 3325 concoctos
725 3268 810 3337 (Pilz
837 3267 985 3322 concoctae
1003 3281 1033 3335 9,
1058 3281 1114 3318 non

93 3345 191 3398 coctos
220 3343 245 3398 d.
297 3341 504 3399 221221211122
530 3342 575 3396 Ρ1.
627 3347 661 3395 22
686 3338 819 3416 2121222112
836 3354 861 3408 9.
887 3341 891 3406 1
919 3335 1112 3418 2212121922

95 3414 143 3468 M.
157 3431 184 3482 p.
198 3419 252 3468 224
271 3414 353 3483 (Pi.):
371 3413 503 3484 prohibei
520 3415 539 3469 21
557 3414 599 3482 (ct
616 3427 704 3482 supra
713 3429 743 3480 p.
760 3412 858 3480 1823).
904 3413 938 3462 22
956 3406 1032 3488 21222
1050 3404 1099 3485 d..

94 3491 132 3539 24
210 3484 280 3539 21212
298 3502 362 3539 cum
385 3484 466 3555 (Cum
485 3486 514 3554 d)
534 3485 596 3540 oleo
612 3483 734 3539 bubulus
756 3479 964 3550 (bubulinued)
987 3474 1112 3544 md)hn1-

93 3558 145 3610 tur
151 3555 192 3624 cd
206 3555 330 3626 (sanguis
345 3556 474 3626 2212121).
493 3560 527 3610 25
537 3546 992 3610 fimushircinns...decoctuedrb
1002 3545 1113 3615 (ump),
