2620 4040
469 257 711 320 -173—

147 451 286 509 XXXV.
317 453 365 507 De
387 465 482 520 rupo.
1008 440 1077 574 edd

158 571 238 651 Rapa
274 571 462 632 Democritus
499 579 649 650 tamquam
686 572 833 630 contraria
871 573 990 649 corpori

81 661 210 722 damnat.
247 668 332 740 putat
355 662 434 720 enim
458 678 494 720 ex
521 662 547 720 is
577 659 744 720 inflationes
767 659 912 719 stomachi
939 677 988 719 ex-

81 751 177 810 citari.
215 757 318 810 contra
341 747 458 809 Diocles
485 751 616 828 itemque
639 747 798 828 Dionysius
825 750 914 808 etiam
938 767 988 808 ne·

81 839 213 914 cessaria
239 840 407 899 existimant
434 846 558 917 propter
585 856 635 898 eas
662 839 788 898 uirtutes
816 855 891 916 quae
919 836 988 896 suh-

52 927 177 988 ⁵iectae
205 935 283 988 sunt.
321 925 486 988 antidotum
509 934 735 1006 repraesentant
762 944 830 986 cum
858 944 895 986 ex
922 925 987 986 oleo

81 1023 113 1076 et
145 1017 213 1075 vino
250 1017 319 1076 trita
356 1023 524 1076 sumuntur.
574 1033 714 1076 venerem
750 1012 916 1095 stimulant,
953 1032 988 1074 eo
1069 1025 1071 1030 '

82 1103 207 1165 validius
226 1106 251 1164 si
271 1122 340 1165 cum
358 1122 447 1166 eruca
463 1103 647 1164 condiantur.
675 1111 752 1164 tosta
771 1111 802 1164 et
820 1122 888 1163 cum
904 1101 988 1182 adipe

82 1201 207 1254 contusa
231 1192 425 1254 articulorum
452 1192 547 1253 dolori
575 1192 741 1253 medentur.
778 1192 921 1252 ferventia
944 1193 988 1251 in-

81 1283 179 1362 posita
193 1273 353 1361 perniones
368 1283 515 1363 mitigant,
530 1282 624 1360 frigus
639 1299 675 1340 ex
688 1279 815 1360 pedihus
829 1279 988 1359 expellunt.

40 1387 68 1426 ro
83 1389 160 1450 aqua
182 1373 214 1431 in
238 1389 295 1449 qua
318 1369 449 1432 discocta
472 1378 543 1432 sunt
570 1369 686 1449 frigidis
708 1368 847 1449 podagris
871 1367 988 1429 salubre

83 1461 248 1520 lomentum
271 1467 325 1520 est.
367 1462 545 1541 cuicumque
568 1461 639 1540 vitio
666 1459 776 1538 pedum
804 1459 989 1536 maximeque

82 1549 201 1609 trituris
229 1547 322 1608 cruda
348 1557 435 1610 tunsa
468 1555 658 1609 succurrunt.
705 1554 808 1607 contra
836 1553 990 1626 serpentes
1036 1549 1051 1583 *

83 1645 114 1698 et
146 1637 243 1697 toxica
275 1635 363 1697 datur
394 1655 496 1698 semen
529 1655 564 1698 er
595 1639 663 1697 vino
695 1635 865 1696 bibendum.
911 1635 991 1695 idem

84 1744 186 1786 semen
211 1744 246 1785 ex
265 1727 332 1785 vino
351 1725 524 1787 vulneribus
542 1727 695 1786 venenatis
717 1725 835 1805 inlitum
858 1722 989 1803 prodest.

42 1831 69 1872 15
85 1813 249 1875 secundum
277 1814 350 1875 haec
378 1833 480 1876 semen
507 1818 539 1875 in
566 1816 646 1893 rapis
678 1821 778 1893 potest
805 1812 933 1872 calidum
962 1819 993 1871 et
1036 1815 1051 1848 *

84 1904 203 1964 fervens
226 1901 335 1984 videri,
362 1905 425 1983 ipsa
452 1903 540 1984 paulo
564 1901 707 1963 solutiora
730 1900 907 1980 creduntur,
938 1899 991 1959 sed

85 1991 164 2071 quod
197 1994 296 2052 minus
326 1991 481 2072 possident
508 1989 628 2071 caloris,
660 1988 811 2050 molliendi
842 1996 989 2069 potestate

85 2087 288 2160 compensant.

148 2275 223 2350 Rapa
237 2277 260 2333 si
275 2275 405 2350 frequens
420 2275 577 2332 comedatur
591 2276 725 2334 stomachi
744 2274 898 2333 inflationes
914 2274 988 2332 iacit.
1003 2272 1079 2352 (40¹³)

45 2361 161 2418 eocalda
184 2361 229 2417 ubi
252 2361 375 2417 coxerint
395 2359 498 2416 radices
521 2362 579 2416 eius
606 2360 771 2436 podagricos
793 2360 866 2418 lore.
899 2375 991 2417 semen

84 2447 143 2503 elus
159 2463 191 2502 er
206 2446 269 2502 vino
293 2446 386 2502 tritum
408 2452 503 2502 contra
525 2447 692 2520 serpentium
714 2461 823 2504 morsus
844 2445 933 2502 datur.

156 2649 199 2703 tit.
218 2648 261 2702 De
278 2664 347 2718 rapo
365 2663 416 2717 qo:
435 2646 477 2702 De
495 2663 565 2717 rupo
583 2647 692 2717 ldtrb).
745 2654 823 2703 1-c
841 2663 892 2702 om.
911 2647 938 2702 d.
985 2653 999 2701 1
1019 2647 1100 2718 Rapa

163 2719 304 2775 contraria
322 2721 391 2788 (etc.)
412 2734 464 2788 qo:
490 2717 601 2788 Rapum
691 2719 859 2774 contrariam
877 2719 964 2789 l(rb).
1028 2719 1100 2773 tis:

85 2793 130 2847 his
147 2792 214 2861 pol,
238 2807 272 2845 ea
289 2790 334 2846 rb,
389 2795 405 2844 3
425 2788 559 2844 dionisius
576 2806 628 2859 po,
651 2789 794 2860 dyonisius
813 2791 830 2844 l.
885 2795 901 2844 5
927 2791 961 2844 A.
979 2805 1100 2858 namque

87 2863 263 2932 representat
279 2863 324 2916 rb.
345 2863 350 2929 1
374 2877 439 2915 cum
456 2861 523 2930 pol:
550 2877 601 2918 oen.
620 2863 665 2917 rb.
707 2862 882 2917 fisumuntur
898 2863 964 2931 pol:
983 2860 1102 2915 sumitur

86 2933 197 3001 (tritum
215 2931 334 2988 sumitur
351 2934 376 3001 r)
394 2933 440 2986 rb.
466 2937 470 3001 Ι
494 2931 560 2986 hinc
576 2933 678 3002 incipit
700 2932 731 2987 d:
758 2932 838 3003 Rupe
856 2949 988 2994 venerem
1000 2932 1100 2987 stimu-

84 3032 148 3086 lant
160 3017 208 3086 ete.
225 3031 229 3099 1
251 3013 379 3085 stimulis
392 3029 455 3098 (ipe.
470 3033 550 3100 corr.)
564 3045 595 3099 p,
614 3029 688 3084 -laut
699 3030 767 3085 old:
787 3030 840 3085 -nt
853 3032 897 3086 rb.
940 3035 956 3085 'l
971 3030 1100 3085 condicu-

85 3105 133 3157 tur
150 3118 202 3172 po:
227 3101 386 3169 (sumuntur
405 3103 426 3169 l,
449 3101 497 3156 sed
513 3117 601 3170 stupra
618 3103 681 3170 eor.)
701 3101 869 3156 condiuntur
886 3101 934 3168 ld,
956 3101 1102 3157 condiatur

85 3175 132 3229 rb.
158 3177 163 3242 Ι
186 3174 292 3227 ustum
313 3173 549 3227 ...coutunsum
563 3190 587 3228 r.
641 3173 806 3228 8medetur
822 3173 868 3227 rb.
892 3176 896 3240 Ι
918 3173 1034 3238 fouens,
1048 3217 1054 3228 .
1070 3214 1099 3230 ..

85 3244 204 3314 mitigat
221 3286 227 3299 .
243 3285 271 3299 ..
291 3242 408 3314 expellit
424 3244 469 3298 rb.
490 3245 495 3313 Ι
519 3243 685 3313 impositum
702 3261 725 3299 r.
786 3251 819 3298 11
838 3261 862 3300 c.
881 3261 947 3300 vero
965 3243 1036 3300 vitio
1054 3244 1100 3300 rb.

6 3355 8 3360 ,
124 3321 157 3370 12
177 3315 264 3370 crude
281 3317 346 3369 tuse
364 3317 530 3369 succurrunt
546 3315 591 3370 llic
609 3317 652 3384 (ut
669 3316 748 3383 infra
765 3331 790 3371 o.
811 3321 844 3370 16
862 3313 926 3386 ipso
943 3318 1001 3385 etc.)
1020 3316 1102 3369 etium

85 3387 132 3441 rb.
180 3393 213 3441 13
232 3386 311 3440 Idem
324 3386 391 3455 pol:
409 3386 537 3455 Itemque
550 3382 596 3442 rb.
644 3391 678 3440 14
695 3403 730 3440 ex
742 3384 808 3441 vino
823 3392 888 3456 post
900 3385 1099 3441 venenatiore.

88 3457 215 3528 titutum
234 3458 344 3527 ld(rl›).
400 3461 433 3510 15
452 3474 513 3526 sqq.
531 3473 582 3511 oen.
601 3458 627 3511 d.
689 3463 722 3512 to
740 3457 805 3527 Ipso
828 3459 846 3511 l.
912 3463 944 3513 te
972 3472 1101 3527 compen·

86 3531 153 3584 aaut
164 3530 376 3656 pt(colqnpensat
389 3529 454 3596 pm),
474 3529 643 3598 conpessaut
654 3545 684 3597 o,
703 3529 907 3599 compescenti
920 3527 1012 3599 (plene
1027 3543 1101 3582 com-

85 3615 190 3668 pescen
221 3602 277 3668 r).

1297 3371 1301 3410 t

1299 3449 1301 3504 l
