2620 4030
501 237 745 302 -135-

110 401 258 464 stomachi
284 400 332 462 rel
359 402 515 481 praeclusa
541 399 716 482 praecordia
748 401 906 463 relaxanda
939 409 1024 465 sunt:

111 496 147 553 ut
169 493 270 572 priore
293 493 325 551 ln
355 491 423 552 loc'o
451 509 541 552 causa
570 497 701 570 ponatur
732 490 811 552 unde
841 493 931 566 etiam
958 495 1023 572 ipsa

111 580 205 642 lebria
230 581 373 641 exotitur.
406 579 518 660 absque
542 579 590 640 llis
614 577 760 641 similibus
786 582 884 642 causis
908 579 970 642 dati
991 583 1022 642 in

111 671 297 731 contrarium
328 669 502 731 incendunt.
548 685 624 748 aqua
654 676 725 749 pota
751 672 783 730 in
808 671 870 750 qna
891 669 938 730 vel
965 671 1023 750 ipsi
1036 673 1131 728 Dicae.

84 759 161 820 orel
184 758 299 820 radices
321 766 426 820 eorum
447 748 590 820 ‘incoctae
619 766 690 819 sunt
717 759 880 821 efficaciter
911 766 1024 838 pugnat
1046 749 1117 814 32⁶⁷·

112 856 218 909 contra
231 847 353 909 insidias
368 866 560 910 venenorum.
588 847 730 908 theriacis
745 854 775 909 et
794 848 936 910 antidotis
955 856 1024 928 post

112 955 228 998 amoma
250 945 320 1016 post
342 939 478 997 cinnama
499 939 559 997 iam
581 955 641 997 non
660 944 695 997 nt
717 937 774 997 vile
792 940 944 998 miscetur.
978 946 1024 999 est
1135 968 1146 988 a

112 1026 265 1106 anodynos
294 1043 330 1086 ex
359 1027 418 1105 apii
445 1027 559 1086 semine
589 1044 664 1105 quae
693 1025 879 1088 stomachum
900 1025 1025 1087 inunda-
1069 1030 1086 1064 *

111 1117 194 1177 tione
214 1115 319 1194 capitis
334 1113 518 1176 laborantem
531 1116 608 1176 mire
626 1122 738 1196 tuetur,
757 1123 791 1176 ut
804 1115 899 1176 Heras
914 1115 1023 1196 Cappa·

74 1219 101 1257 10
117 1198 176 1265 dox
199 1205 230 1266 in
253 1212 324 1265 tono
350 1222 405 1265 suo
428 1203 540 1266 retulit.
573 1221 607 1264 ea
626 1205 735 1282 recipit
757 1206 817 1284 apii
840 1206 962 1266 seminis
981 1237 1023 1248 -

113 1307 166 1375 v1,
189 1295 271 1354 anesi
294 1326 337 1336 -
356 1308 407 1375 vl,
430 1291 599 1374 hyoscyami
623 1326 666 1334 —
689 1307 740 1374 VI,
763 1295 900 1373 apiarum
923 1311 1023 1372 cymae
1122 1306 1125 1314 ’

114 1417 157 1427 -
181 1395 236 1444 111:
264 1383 364 1444 omnia
386 1384 456 1444 trita
480 1389 563 1443 creta
590 1389 713 1443 etcum
741 1400 817 1462 aqua
845 1381 966 1444 subacta
992 1385 1024 1443 in

176 1633 274 1707 Apium
289 1632 422 1706 mingitur
431 1633 517 1707 magis
538 1648 618 1706 quam
630 1633 764 1706 egeritur.
787 1631 867 1688 cuius
883 1631 969 1706 magis
985 1648 1027 1688 ra·
1046 1634 1102 1701 (25)

111 1717 187 1774 dices
210 1725 362 1793 egeruntur
385 1733 466 1791 quarn
488 1717 578 1790 ipsum
600 1717 733 1791 egeritur.
756 1711 869 1794 [Apium
897 1716 1025 1773 virtutem
1067 1717 1074 1726 '

69 1815 96 1855 rs
111 1801 194 1860 habet
209 1801 323 1858 calidam
344 1809 373 1858 et
386 1803 528 1858 acriorem.
559 1803 705 1877 mingitur,
729 1801 822 1857 urinae
837 1799 1025 1858 difficultatem

111 1887 236 1944 resolvit.
265 1885 370 1943 radices
392 1903 458 1943 vero
481 1887 540 1942 eius
555 1887 642 1961 magis
660 1893 826 1959 egeruntur,
850 1886 914 1960 quia
935 1887 1025 1959 ipsum

110 1973 203 2046 apium
214 1971 299 2046 magis
312 1971 445 2046 mingitur
456 1986 537 2045 quam
552 1971 697 2044 egentum]
716 1977 824 2026 coctum
839 1971 868 2026 in
884 1985 952 2044 aqua
967 1977 1025 2027 sto·

110 2057 202 2114 machi
224 2055 335 2113 ardores
351 2056 511 2130 compescit.
546 2055 651 2111 urinam
667 2063 767 2112 movet.
797 2063 921 2111 tumores
943 2063 970 2112 et
985 2055 1025 2110 in·

111 2141 239 2198 flationes
262 2139 364 2197 tollunt
385 2140 450 2197 lolia
466 2141 524 2196 eius
542 2143 604 2197 trita
619 2157 679 2197 cum
703 2157 772 2214 pane
795 2141 823 2196 in
845 2156 914 2214 aqua
936 2140 1025 2196 inlusa

67 2244 95 2284 eo
111 2236 140 2284 et
162 2242 284 2284 rosaceo.
320 2217 405 2302 [aqua
435 2224 481 2282 ubi
501 2225 576 2282 radix
596 2223 659 2304 eius
680 2226 785 2303 coxerit
806 2231 901 2281 contm
923 2241 1024 2306 uenena

108 2311 224 2387 prodest
257 2319 285 2366 et
313 2310 437 2368 dolerem
470 2311 574 2366 renium
607 2310 740 2366 sublevat.
783 2311 847 2367 trita
876 2311 933 2366 eius
960 2309 1024 2366 lolia

109 2447 326 2458 ..ι-..ι-ιι--ι-

183 2602 406 2672 lpraec<lu>sa
425 2601 512 2674 (luia
529 2603 597 2672 roa.)
616 2619 641 2672 9.
658 2601 663 2674 Ι
682 2599 847 2672 praecordis
863 2616 914 2656 om.
929 2604 974 2668 nl
995 2601 1074 2656 sunl:
1092 2601 1134 2656 sic

108 2677 142 2746 9ῑ
161 2674 238 2743 (rb).
320 2679 337 2728 3
364 2672 449 2728 lebria
472 2689 523 2728 oon.
543 2674 560 2728 l.
586 2676 590 2737 Ι
621 2673 682 2728 dati
703 2689 742 2742 pr
764 2670 842 2740 (dari
865 2671 911 2741 b):
940 2672 1043 2727 dotat.
1069 2672 1073 2740 Ι
1102 2671 1134 2726 in

109 2744 283 2802 contrarium
299 2761 318 2815 9
336 2745 371 2814 (r,
388 2760 445 2799 non
465 2744 635 2800 contrarium
653 2745 684 2810 b,
701 2743 732 2798 in
750 2741 891 2798 contraria
909 2743 927 2796 l.
945 2742 981 2811 cf.
1000 2758 1023 2800 c.
1042 2746 1096 2812 51).

108 2816 266 2874 incendunt
283 2831 343 2886 epo:
363 2815 467 2871 cedunt
483 2816 518 2884 9ῑ
531 2816 598 2886 (rb).
662 2813 744 2870 trel
763 2816 837 2883 (ante
853 2811 926 2884 ipsa)
949 2830 1000 2869 oon.
1019 2816 1037 2872 t.
1054 2816 1058 2881 Ι
1078 2813 1134 2884 ipsi

106 2889 213 2960 p(rb):
232 2887 295 2957 ipsa
313 2888 343 2942 l„
387 2892 402 2941 5
421 2886 562 2942 incoclaea
583 2888 625 2942 aic
641 2888 675 2956 9ῑ
688 2887 755 2957 (ab),
810 2893 826 2941 6
846 2883 1017 2955 Thyriecisl
1035 2885 1133 2956 (tyrio

107 2961 149 3016 cia
167 2963 203 3028 r).
259 2958 353 3013 tiam
369 2973 427 3013 non
445 2959 478 3012 nt
494 2957 551 3012 vile
569 2959 603 3028 pt
616 2957 688 3028 (νῶι
707 2959 847 3028 χρησίμως
864 2957 958 3012 Diosc.
1019 2963 1133 3014 8mun·

108 3031 225 3086 datione
243 3027 288 3086 to.
344 3035 359 3084 9
378 3029 467 3084 Heras
485 3029 545 3098 edo:
564 3028 661 3104 lrierax
679 3029 756 3086 codd.
773 3031 778 3095 Ι
798 3029 983 3098 cappa(capa·
994 3027 1071 3097 l)dox
1087 3029 1133 3099 pl:

105 3103 169 3174 (lep
227 3114 276 3156 oro
298 3101 344 3156 to.
408 3105 442 3155 10
459 3099 490 3154 iu
511 3103 582 3155 tono
606 3115 653 3170 epo
675 3099 926 3169 (Got.xr11,416)2
952 3099 984 3156 in
1005 3101 1084 3155 tomo
1102 3113 1133 3170 9,

107 3174 139 3230 in
197 3185 261 3228 omo
284 3173 294 3227 l
317 3170 719 3244 (intimorb).1reiuliden.
755 3169 860 3240 Recipe
883 3187 906 3226 r.
978 3177 1011 3226 11
1035 3171 1135 3226 tutelae

107 3250 178 3300 trote
195 3245 228 3300 tn
245 3260 263 3313 9
281 3249 320 3298 eet
339 3273 386 3309 —,
404 3244 438 3298 ia
455 3243 465 3297 l
483 3245 519 3310 ᾡ
537 3243 570 3312 (c.
587 3258 613 3312 9.
634 3242 720 3298 anesi.
739 3271 773 3282 -
793 3245 839 3302 Vn
857 3257 884 3312 9,
908 3243 987 3298 anesi
1004 3247 1040 3310 ᾡ
1058 3261 1096 3298 vr.
1115 3243 1134 3310 l,

108 3315 209 3372 unciae
227 3329 276 3370 sex
294 3315 378 3387 adp!
407 3313 485 3370 anesi
506 3315 553 3384 gl:
584 3313 658 3369 enisi
680 3313 724 3369 rb.
750 3313 755 3382 Ι
779 3313 958 3384 yoscy(i)emi
979 3314 1014 3384 9ῑ
1040 3309 1135 3382 (hyos-

108 3387 195 3443 ciami
217 3388 263 3456 bl:
295 3384 449 3456 iusquiami
466 3402 489 3440 a.
515 3387 520 3454 Ι
550 3383 687 3455 Apiornm
712 3400 815 3440 comae.
836 3415 869 3424 -
893 3403 936 3440 m.
958 3399 985 3454 9,
1004 3386 1134 3456 aptorum

108 3473 190 3514 come
213 3462 257 3528 ῲ.
281 3477 323 3512 nr.
343 3458 365 3512 l:
399 3471 544 3512 comarum
571 3456 639 3527 apii.
661 3476 711 3512 vn.
739 3458 859 3527 (septem
882 3457 909 3526 b)
937 3455 981 3510 rb.
1007 3458 1011 3526 Ι
1036 3468 1134 3509 comae

107 3529 175 3598 fota.
198 3529 304 3597 fadum
327 3533 366 3584 eat
387 3545 421 3584 cc
445 3543 543 3582 cumae
567 3531 699 3598 (cymae),
725 3527 854 3598 guadeat
875 3527 908 3582 in
929 3523 985 3581 Ed.
1005 3522 1096 3582 Diocl.

110 3607 146 3655 12
165 3603 244 3656 crota
260 3615 291 3671 9:
321 3599 472 3656 cribrata!
495 3598 531 3667 (et
548 3598 672 3654 cribrata
689 3600 744 3670 rb).
