2610 4040
611 217 829 280 „18—

380 381 418 435 99.
481 377 622 438 dolorem.
650 379 824 456 gravitatem
842 378 959 436 aurium
973 377 1063 456 adeps
1082 379 1226 437 remissus

482 483 550 526 eum
564 465 711 526 absinthio
726 467 810 546 trite,
829 483 897 525 eum
915 464 980 524 oleo
994 465 1112 524 inlusus
1126 482 1226 525 emen-

348 567 390 628 29,
394 567 453 617 134
481 554 538 614 dat.
580 556 710 613 murium
741 555 815 613 cinis
847 571 916 613 eum
948 553 1034 613 melle
1067 553 1190 614 instillat
1178 561 1227 614 tus

363 647 417 702 „ib
481 641 595 702 inhibet
617 641 757 702 dolerem.
795 643 820 701 si
840 641 957 719 aliquod
979 642 1085 700 animal
1107 643 1228 701 intravit

480 732 674 833 praecipuum
693 737 739 789 est
757 728 922 789 remedium
936 731 1066 790 murium
1084 728 1124 789 iel
1143 737 1255 790 aeet0⁵

380 823 417 876 99.
481 818 556 878 dilut
543 825 608 878 tum
638 820 699 876 inst
687 816 790 878 tillare.
832 820 857 878 si
889 834 964 895 aqua
996 818 1102 897 fugiat,
1137 818 1227 896 adeps

481 908 637 966 anserinus
665 924 732 966 eum
761 923 849 984 cepae
883 923 955 966 sueo
987 905 1130 966 inlinitur.
1177 906 1227 964 de-

480 992 596 1073 plorata
626 1000 726 1054 autem
755 996 872 1053 aurium
899 995 969 1074 vitia
1001 995 1044 1053 sie
1077 1001 1227 1053 sanantur.

383 1133 389 1159 ‚
446 1132 452 1145 .
481 1080 548 1160 gliri
571 1081 737 1142 detrahitur
759 1081 845 1159 pellis
872 1089 902 1142 et
930 1084 1070 1142 intestina
1094 1081 1228 1141 eiusdem

481 1170 689 1248 decoquuntur
717 1171 748 1228 in
771 1187 838 1228 vase
862 1187 938 1229 novo
966 1187 1035 1228 eum
1057 1168 1152 1229 mellis
1175 1169 1226 1229 he·
1244 1181 1268 1221 10

480 1260 568 1318 minis
590 1257 687 1318 trihus
706 1274 801 1335 usque
821 1257 856 1316 ad
879 1259 982 1318 tertias
1006 1266 1094 1335 atque
1117 1258 1159 1317 ita
1177 1256 1226 1317 ad·

479 1353 627 1425 servatur,
655 1353 776 1405 etcum
803 1363 878 1423 epus
902 1352 948 1405 est
974 1344 1076 1424 strigle
1100 1344 1226 1405 mediea-

379 1437 415 1491 99.
479 1441 612 1492 mentum
639 1433 819 1511 tepefactum
846 1432 1023 1493 infunditur.
1059 1433 1226 1492 991119199-

479 1521 588 1581 dantur
606 1528 636 1580 et
654 1523 767 1581 terreni
785 1537 902 1580 vermes
921 1539 989 1581 eum
1008 1523 1122 1581 auseris
1141 1521 1226 1600 adipe

347 1620 451 1684 29937.
480 1611 557 1668 99911
571 1616 601 1668 91
615 1608 756 1668 instillati.
783 1608 946 1669 verberatis
963 1607 1086 1669 auribus
1100 1607 1226 1690 cocleae,
1243 1619 1268 1660 15

480 1714 555 1775 quae
582 1698 613 1755 in
642 1715 698 1756 usu
727 1704 797 1757 sunt
824 1695 895 1777 eibi,
925 1703 1115 1776 apponuntur
1138 1698 1225 1756 tritae

385 1787 416 1842 '.
480 1802 548 1844 eum
571 1787 715 1844 mirra-et
738 1792 814 1845 ture.
852 1784 968 1845 cocleae
997 1786 1127 1845 minutae
1150 1783 1226 1845 latae

386 1875 415 1930 “.
478 1874 566 1932 tritae
586 1873 726 1932 fracturis
740 1875 857 1933 aurium
875 1873 1049 1933 inlinuntur.
1087 1880 1227 1933 senectus

479 1963 627 2039 serpentis
650 1960 777 2021 ferventi
799 1968 876 2021 testa
890 1968 957 2021 usta
978 1968 1008 2020 et
1031 1962 1159 2020 contrita
1181 1963 1225 2020 in-

479 2049 606 2109 stillatur
629 2067 666 2108 ex
684 2048 749 2109 eleo
763 2051 879 2109 rosaeio
897 2057 1001 2109 eontra
1020 2051 1136 2109 aurium
1156 2050 1227 2108 vitia
1242 2062 1268 2102 2⁰

479 2139 577 2196 omnia
605 2137 656 2196 sed
683 2139 842 2217 praecipue
870 2136 1110 2217 graveolentiam,
1143 2145 1173 2197 et
1200 2139 1227 2196 si

477 2224 654 2303 purulentae
683 2227 743 2285 sint
772 2243 859 2285 aures
889 2225 995 2285 melius
1018 2243 1055 2285 ex
1083 2232 1167 2285 aeeto
1196 2234 1228 2286 et

478 2311 546 2372 felle
575 2315 695 2393 caprino
722 2312 769 2374 vel
796 2311 948 2374 bubulino.
984 2311 1057 2373 haee
1086 2321 1227 2373 senectus

345 2409 450 2474 29999.
478 2408 547 2479 post
573 2419 684 2461 annum
706 2403 785 2462 vires
812 2419 873 2460 non
902 2400 999 2461 hahet.
1036 2399 1227 2462 membranae

478 2507 515 2548 ex
542 2495 644 2548 ventre
673 2489 832 2568 gallinaceo
865 2506 939 2567 quae
972 2491 1161 2567 proiciuntur
1189 2505 1228 2548 ex
1243 2503 1269 2541 2⁵

477 2578 545 2635 vino
574 2579 673 2658 tritae,
706 2585 736 2637 et
764 2576 853 2654 adeps
876 2575 1050 2655 gallinarum
1080 2576 1228 2655 tepefacta

255 2674 298 2737 29,
301 2674 449 2724 tea-140.
477 2664 684 2725 infunduntur.
722 2664 830 2725 blattae
845 2667 913 2724 sine
933 2666 1027 2744 eapite
1048 2673 1078 2725 et
1099 2663 1228 2742 pedihus

283 2795 436 2878 41919991
458 2798 530 2866 999·
559 2798 688 2853 -999191,
770 2797 961 2854 5191999.
1043 2797 1173 2868 dirigiat
1196 2802 1230 2854 et

211 2865 449 3007 adcpmanserino
458 2813 531 2935 9999
560 2867 709 2923 intraverit
735 2867 821 2938 adeps
849 2867 993 2924 anserinus
1011 2870 1048 2924 rb
1076 2869 1153 2937 (Ρ1..)

382 2942 387 3004 1
413 2937 575 2992 detrahetur
592 2940 640 3006 91
715 2945 749 2993 10
768 2955 831 2992 eum
849 2957 885 2996 m
904 2939 1025 2994 heminis
1044 2939 1154 3008 (eminis
1170 2941 1229 3078 991)

211 2945 329 3076 tribus(
319 3008 369 3076 (999
383 3013 409 3062 91
422 3007 515 3062 Μ999.
520 3024 551 3077 p.
562 3013 596 3061 82
606 3009 684 3076 ms
703 3025 767 3063 eum
781 3009 1156 3083 919119Ρ912919919)

210 3080 259 3135 stri
282 3077 519 3148 1191(Μ,Ρ1.).
583 3084 616 3132 14
668 3079 879 3148 peanserisd.
936 3011 1230 3153 171919.1991991

226 3151 321 3206 1919
349 3149 463 3217 (iareb)
481 3080 554 3217 rt(
545 3149 624 3218 (.Pi)
677 3097 731 3203 pio
750 3152 847 3204 eontm
866 3166 974 3204 annum
992 3083 1118 3220 99(
1087 3121 1131 3220 1).
1158 3166 1228 3205 999-

208 3153 278 3311 trita
292 3242 373 3326 (eata
390 3257 418 3324 9)
436 3255 485 3324 991
562 3260 595 3309 21
615 3270 701 3324 grave
719 3254 826 3309 olentia
844 3256 876 3321 d
894 3271 979 3325 grave
999 3255 1105 3310 olentia
1122 3271 1145 3310 r

209 3326 536 3394 23991Ρ1.919.9191>
563 3324 772 3394 lbubaliuod,
789 3324 896 3380 bubulo
914 3327 951 3380 rb
966 3326 1042 3449 (Ρ1).
1088 3332 1124 3380 24
1137 3325 1231 3381 Mem-

208 3398 340 3466 199999.
412 3395 869 3464 2619199919(Ρ1)9191999
904 3397 910 3466 l
943 3398 1082 3465 etaeps
1109 3396 1229 3466 (Ρ199.

210 3470 306 3595 1119ἒ911
307 3485 349 3594 tpe
367 3471 425 3594 gl).
453 3469 483 3524 et
500 3467 583 3540 adipe
601 3466 690 3539 9999
720 3468 725 3534 l
758 3465 901 3535 tepefacta
918 3467 972 3535 pd
1001 3467 1127 3521 -19999,
