2620 4040
497 258 739 322 -181-

180 424 224 485 llr
249 425 355 504 cytinis
377 423 411 483 fit
433 422 600 483 remedium
618 420 698 500 quod
722 419 856 480 creditur
880 426 960 479 tutos
984 416 1020 478 ab

114 514 271 576 oculorum
298 511 414 572 dolore
428 517 588 590 praestare.
634 507 823 570 Dioscorides
855 506 1019 586 simplicius
1051 499 1089 556 D·

114 607 146 664 in
169 603 249 665 bunc
272 600 394 662 modum
411 599 502 660 tradit
519 607 553 660 ut
572 600 789 677 cumprimum
808 598 899 676 cytini
922 613 1019 656 erum·
1030 575 1118 638 1²¹52·
1175 639 1178 649 .

113 710 188 772 pere
219 691 379 771 incipiunt,
410 695 473 749 tres
502 705 629 749 numero
661 686 752 749 additi
785 688 849 746 sine
882 690 1022 745 contactu

86 781 252 856 edentium
280 784 515 839 transvorentur.
557 777 663 857 ceteri,
695 777 725 836 in
758 773 867 854 qnibrrs
899 772 1023 854 Plinius,
1052 766 1098 820 Pl·

114 869 266 931 efficacius
283 875 391 947 putant
408 873 442 926 ut
460 867 513 944 qui
534 865 592 926 boc
610 864 777 926 remedium
798 865 949 943 petiturus
968 842 1119 942 est,23³⁵9·

115 959 197 1018 omni
214 955 332 1018 vinculo
350 954 480 1034 solutus,
503 952 620 1016 duobus
638 954 776 1014 sinistrae
794 969 900 1016 manus
924 951 1023 1030 digitis

114 1045 222 1127 pollice
250 1052 281 1106 et
308 1050 415 1124 quarto
443 1044 576 1122 optinum
607 1041 778 1104 detraheret
805 1049 835 1102 et
866 1047 901 1100 ut
933 1056 1024 1118 supra

114 1136 247 1215 positum
265 1143 311 1194 est
332 1139 533 1194 transvoraret
551 1139 582 1192 et
604 1131 661 1192 levi
683 1130 765 1191 lloris
785 1137 895 1191 attactu
920 1129 1023 1189 oculos

72 1239 100 1278 10
116 1241 188 1284 suos
220 1230 287 1283 ante
320 1221 470 1282 lustraret.
516 1219 595 1283 idem
623 1221 741 1298 cytinus
773 1221 901 1279 siccatus
931 1224 961 1277 et
992 1217 1024 1276 in

114 1311 268 1392 pulverem
290 1309 430 1371 redactus
457 1308 556 1369 exedit
583 1325 704 1368 carnem
732 1323 938 1386 quaecumque
960 1303 1023 1365 rul-

116 1399 241 1462 ncribus
264 1400 403 1460 excrevit.

182 1487 237 1549 Est
258 1491 289 1548 in
313 1489 412 1567 cytino
434 1486 576 1548 flosculus
604 1486 724 1566 quidam
747 1493 905 1564 antequam
928 1500 964 1543 ex
987 1500 1023 1542 eo
1053 1475 1098 1532 Pl·

116 1577 186 1638 mali
212 1577 306 1656 figura
334 1577 493 1656 formetur,
522 1593 590 1636 erim
615 1573 720 1635 Graeci
746 1572 913 1634 balaustion
939 1553 1121 1639 voca-²³2⁶&

72 1680 100 1719 15
116 1674 237 1747 verunt,
256 1666 399 1725 maximae
417 1661 627 1742 mirandaeque
646 1664 778 1724 virtutis:
797 1660 950 1723 ulceribus
964 1662 1025 1720 oris
1129 1728 1132 1733 ¹

116 1757 248 1834 itemque
271 1753 381 1814 toxillis
405 1760 434 1813 et
456 1770 530 1812 uvae
554 1751 690 1812 medetur
714 1768 782 1811 curn
805 1749 891 1811 melle
915 1751 1024 1810 contri-

117 1851 175 1904 tus.
213 1845 285 1904 sicci
306 1841 404 1921 pulvis
426 1840 549 1901 vulnera
572 1843 602 1900 in
627 1848 812 1919 quacumque
835 1845 919 1918 parte
943 1839 1024 1917 geni-

116 1931 221 1992 talium
243 1939 311 1992 nata
330 1931 500 2009 compescit.
529 1937 559 1990 et
582 1927 660 1998 idem
679 1925 888 1988 excreantibus
908 1922 1025 2004 sangni-

117 2037 187 2081 nem
202 2018 287 2080 datus
308 2021 339 2080 in
358 2037 466 2098 poscae
491 2017 653 2078 sorbitione
674 2017 832 2077 succurrit.
861 2015 1025 2076 solutiones

76 2121 106 2162 20
121 2125 241 2187 quoque
265 2109 377 2169 ventris
400 2113 537 2186 sumptus
560 2087 703 2166 ex‘mero
726 2105 912 2183 constringit.

190 2267 205 2315 1
225 2265 321 2314 1-10
340 2275 391 2314 om.
409 2260 436 2314 d.
462 2261 466 2326 l
491 2258 585 2314 citinia
603 2273 633 2328 9,
657 2257 758 2328 cytinis
780 2259 812 2312 cl
825 2259 902 2327 (top
931 2255 1046 2327 cytrinis
1064 2256 1131 2328 rial

114 2333 391 2402 tutos—praestare
408 2331 475 2400 ool:
497 2333 590 2385 totum
613 2331 757 2385 oculorum
780 2329 906 2385 dolorem
924 2329 1069 2398 detergere
1087 2329 1133 2383 rb.

120 2403 176 2474 lab
195 2403 240 2457 el:
262 2401 298 2458 ob
316 2419 342 2471 9,
406 2408 422 2456 2
445 2399 617 2456 Dioscoridie
638 2416 669 2470 9,
697 2401 869 2470 dyoscoridia
890 2417 914 2455 e.
942 2402 946 2468 Ι
971 2400 1004 2453 D.
1023 2415 1091 2455 varo
1110 2415 1132 2454 s.

117 2475 228 2543 (inepte)
247 2475 293 2528 rb.
356 2479 372 2528 3
392 2472 480 2542 cytini
497 2489 528 2542 9,
551 2470 632 2528 citini
649 2473 692 2526 ol:
721 2472 823 2542 cytrini
847 2474 882 2540 (et
899 2473 939 2526 sic
956 2473 1068 2538 semper)
1086 2470 1133 2524 rb.

154 2551 169 2598 5
189 2545 380 2600 trasvorentur
396 2559 422 2613 9.
439 2546 443 2611 Ι
463 2543 493 2600 in
512 2541 614 2612 quibus
631 2541 736 2612 plinius
752 2545 818 2613 pol:
843 2543 875 2596 ut
892 2541 1014 2596 <liumus
1031 2542 1067 2596 ab
1086 2541 1133 2608 (cf.

115 2618 224 2697 supra).
302 2621 318 2669 6
345 2615 448 2684 putant
473 2615 522 2697 'fi‘
550 2614 633 2684 putat
658 2615 720 2696 pout.
787 2619 804 2668 8
832 2612 950 2695 eitinum
974 2627 992 2682 9
1019 2613 1080 2694 (091.
1104 2612 1134 2680 l),

115 2688 247 2826 titt
262 2703 323 2824 itta.
338 2691 371 2825 ὅ,
390 2686 500 2811 stlte
513 2681 1135 2838 tibaldillnilddalirlit‘itiss

117 2831 161 2892 (at
177 2829 290 2896 semper)
307 2843 359 2898 qo,
378 2829 460 2882 dmm
478 2828 495 2881 l.
512 2827 517 2896 Ι
533 2825 628 2882 exedit
644 2827 734 2895 pald:
754 2825 865 2882 excedit
881 2827 925 2880 rb.
943 2827 947 2892 l
962 2824 993 2878 in
1011 2823 1133 2878 vulneri-

115 2898 170 2953 bus
189 2899 214 2954 d.
271 2903 304 2952 13
324 2897 376 2952 uae
392 2897 423 2952 in
441 2897 535 2967 cytino
558 2897 657 2964 (citino
674 2900 701 2967 e)
724 2899 887 2968 pold(b”⁸):
910 2895 1015 2965 Estque
1038 2895 1069 2949 in
1088 2911 1133 2950 ex-

115 2972 208 3023 tremo
226 2971 271 3024 rb.
288 2972 292 3037 Ι
307 2969 367 3024 flos.
386 2967 465 3023 cuiue
484 2969 544 3037 (sic)
561 2984 585 3023 c.
604 2970 608 3035 Ι
624 2983 671 3022 eo:
689 2985 724 3023 ea
740 2985 787 3038 pe.
843 2974 879 3022 14
896 2984 961 3022 eum
979 2983 1027 3036 po:
1049 2972 1134 3035 qu'em

116 3041 204 3126 rod).
222 3043 227 3104 Ι
242 3056 307 3094 eum
325 3039 356 3095 G.
376 3038 404 3094 b.
422 3057 448 3094 v.
468 3055 518 3094 om.
538 3040 565 3094 d.
582 3042 586 3108 Ι
602 3039 748 3094 balaneion
762 3041 827 3109 pol,
846 3037 1000 3094 Balaneion
1018 3055 1033 3092 r
1051 3037 1134 3106 (undo

116 3111 272 3182 βαλαγκιον
295 3112 348 3182 b!).
373 3113 378 3179 1
401 3112 574 3166 vocaverunt
596 3113 677 3180 (do)
699 3112 766 3180 pol:
794 3127 836 3165 -re
853 3111 895 3165 rb.
960 3114 992 3164 15
1017 3108 1072 3164 oris
1094 3123 1133 3178 po

116 3181 177 3250 (rb,
198 3182 302 3251 Plini:
324 3181 397 3236 acris
416 3182 458 3238 td.
523 3188 557 3237 16
574 3181 699 3252 itemque
717 3182 770 3251 pot
788 3181 868 3250 (item
886 3183 929 3252 d):
953 3180 1070 3236 etitem
1088 3179 1133 3234 rb.

119 3251 247 3324 ltoxillie
269 3254 360 3323 pald:
393 3251 514 3307 tonsillis
536 3253 573 3308 rb
587 3254 696 3322 (Pan).
722 3257 726 3322 Ι
756 3255 786 3308 et
807 3269 878 3308 uvae
907 3253 983 3321 (ure)
1007 3250 1137 3305 medetur

114 3323 208 3393 pald:
226 3323 362 3379 medetur.
391 3323 525 3392 Uvaeque
538 3340 566 3391 r,
584 3324 721 3379 medetur.
748 3323 787 3378 Et
800 3341 853 3398 uve
868 3325 894 3379 b.
911 3326 915 3390 Ι
931 3322 1068 3377 contritus
1081 3336 1135 3388 pc:

114 3393 200 3448 tritus
220 3395 327 3465 loom.
384 3399 417 3449 17
437 3393 504 3449 sicci
525 3394 618 3464 pulvis
637 3395 735 3464 o(rb):
763 3394 831 3450 sicci
848 3392 972 3465 pulveris
989 3409 1020 3461 9,
1044 3391 1134 3445 siccus

114 3465 270 3534 pulvisld.
324 3471 357 3521 18
381 3463 524 3535 conpescit
539 3481 566 3535 9.
626 3472 660 3521 19
683 3465 714 3520 in
735 3483 819 3536 posce
843 3469 955 3536 (pascae
973 3464 1020 3532 ab)
1046 3461 1135 3516 sorbi-

114 3536 193 3591 tione
211 3537 332 3606 pc(rb):
355 3537 385 3591 in
407 3535 524 3606 potione
542 3537 582 3592 ld.
647 3542 682 3591 20
701 3539 841 3607 sumptus:
864 3539 939 3590 -tum
957 3533 1109 3604 poldlab).
1128 3533 1130 3602 l

112 3623 193 3662 mero
213 3609 261 3663 rb:
280 3623 357 3664 more
375 3608 453 3678 pald
470 3607 598 3675 (humore
617 3608 678 3678 tm).
711 3608 764 3664 laec
782 3624 866 3676 usqae
884 3607 910 3662 d.
