<?xml version="1.0" encoding="UTF-8"?>
<!DOCTYPE html PUBLIC "-//W3C//DTD XHTML 1.0 Transitional//EN"
    "http://www.w3.org/TR/xhtml1/DTD/xhtml1-transitional.dtd">
<html xmlns="http://www.w3.org/1999/xhtml" xml:lang="en" lang="en">
 <head>
  <title>
</title>
<meta http-equiv="Content-Type" content="text/html;charset=utf-8" />
  <meta name='ocr-system' content='tesseract 3.04.00' />
  <meta name='ocr-capabilities' content='ocr_page ocr_carea ocr_par ocr_line ocrx_word'/>
</head>
<body>
  <div class='ocr_page' id='page_1' title='image "./pliniisecundiqu04plingoog_0204.png"; bbox 0 0 2620 4040; ppageno 0'>
   <div class='ocr_carea' id='block_1_1' title="bbox 480 253 723 319">
    <p class='ocr_par' dir='ltr' id='par_1_1' title="bbox 480 253 723 319">
     <span class='ocr_line' id='line_1_1' title="bbox 480 253 723 319; baseline 0.008 -2"><span class='ocrx_word' id='word_1_1' title='bbox 480 253 723 319; x_wconf 79' lang='lat'>-195-</span> 
     </span>
    </p>
   </div>
   <div class='ocr_carea' id='block_1_2' title="bbox 50 416 1038 1475">
    <p class='ocr_par' dir='ltr' id='par_1_2' title="bbox 50 416 1038 1475">
     <span class='ocr_line' id='line_1_2' title="bbox 95 416 1003 500; baseline 0.003 -23"><span class='ocrx_word' id='word_1_2' title='bbox 95 419 227 498; x_wconf 85' lang='lat' dir='ltr'><strong>eutium,</strong></span> <span class='ocrx_word' id='word_1_3' title='bbox 248 416 414 500; x_wconf 84' lang='lat' dir='ltr'><strong>efficacius,</strong></span> <span class='ocrx_word' id='word_1_4' title='bbox 437 418 463 477; x_wconf 89' lang='lat' dir='ltr'><strong>si</strong></span> <span class='ocrx_word' id='word_1_5' title='bbox 486 419 530 480; x_wconf 83' lang='lat' dir='ltr'><strong>cis</strong></span> <span class='ocrx_word' id='word_1_6' title='bbox 552 420 665 479; x_wconf 88' lang='lat' dir='ltr'><strong>nitrum</strong></span> <span class='ocrx_word' id='word_1_7' title='bbox 687 419 734 478; x_wconf 84' lang='lat' dir='ltr'><strong>vel</strong></span> <span class='ocrx_word' id='word_1_8' title='bbox 757 419 810 478; x_wconf 87' lang='lat' dir='ltr'><strong>iris</strong></span> <span class='ocrx_word' id='word_1_9' title='bbox 834 421 1003 494; x_wconf 81' lang='lat' dir='ltr'><strong>accesserit.</strong></span> 
     </span>
     <span class='ocr_line' id='line_1_3' title="bbox 94 504 1004 587; baseline 0.003 -21"><span class='ocrx_word' id='word_1_10' title='bbox 94 514 198 566; x_wconf 87' lang='lat' dir='ltr'><strong>coctae</strong></span> <span class='ocrx_word' id='word_1_11' title='bbox 226 521 263 566; x_wconf 83' lang='lat' dir='ltr'><strong>ex</strong></span> <span class='ocrx_word' id='word_1_12' title='bbox 291 523 366 585; x_wconf 89' lang='lat' dir='ltr'><strong>aqua</strong></span> <span class='ocrx_word' id='word_1_13' title='bbox 395 523 464 567; x_wconf 91' lang='lat' dir='ltr'><strong>cum</strong></span> <span class='ocrx_word' id='word_1_14' title='bbox 495 504 609 586; x_wconf 81' lang='lat' dir='ltr'><strong>hysopo</strong></span> <span class='ocrx_word' id='word_1_15' title='bbox 641 506 711 568; x_wconf 86' lang='lat' dir='ltr'><strong>daut</strong></span> <span class='ocrx_word' id='word_1_16' title='bbox 742 508 896 585; x_wconf 89' lang='lat' dir='ltr'><strong>potionem</strong></span> <span class='ocrx_word' id='word_1_17' title='bbox 927 525 1004 587; x_wconf 88' lang='lat' dir='ltr'><strong>quae</strong></span> 
     </span>
     <span class='ocr_line' id='line_1_4' title="bbox 92 595 1038 674; baseline 0.004 -20"><span class='ocrx_word' id='word_1_18' title='bbox 92 601 200 674; x_wconf 85' lang='lat' dir='ltr'><strong>pectus</strong></span> <span class='ocrx_word' id='word_1_19' title='bbox 218 602 372 674; x_wconf 81' lang='lat' dir='ltr'>expurget.</span> <span class='ocrx_word' id='word_1_20' title='bbox 406 596 479 655; x_wconf 90' lang='lat' dir='ltr'><strong>item</strong></span> <span class='ocrx_word' id='word_1_21' title='bbox 498 602 600 656; x_wconf 91' lang='lat' dir='ltr'><strong>coctae</strong></span> <span class='ocrx_word' id='word_1_22' title='bbox 620 613 689 656; x_wconf 90' lang='lat' dir='ltr'><strong>oum</strong></span> <span class='ocrx_word' id='word_1_23' title='bbox 706 597 775 656; x_wconf 81' lang='lat' dir='ltr'><strong>uiuo</strong></span> <span class='ocrx_word' id='word_1_24' title='bbox 794 595 858 656; x_wconf 89' lang='lat' dir='ltr'><strong>sedi</strong></span> <span class='ocrx_word' id='word_1_25' title='bbox 875 599 1004 658; x_wconf 82' lang='lat' dir='ltr'><strong>tumenti</strong></span> <span class='ocrx_word' id='word_1_26' title='bbox 1033 615 1038 628; x_wconf 61' lang='grc'>’</span> 
     </span>
     <span class='ocr_line' id='line_1_5' title="bbox 92 682 1006 764; baseline 0.004 -21"><span class='ocrx_word' id='word_1_27' title='bbox 92 690 246 763; x_wconf 79' lang='lat' dir='ltr'><strong>praestant</strong></span> <span class='ocrx_word' id='word_1_28' title='bbox 269 682 397 744; x_wconf 90' lang='lat' dir='ltr'><strong>salutare</strong></span> <span class='ocrx_word' id='word_1_29' title='bbox 420 683 593 745; x_wconf 82' lang='lat' dir='ltr'><strong>fomentum.</strong></span> <span class='ocrx_word' id='word_1_30' title='bbox 619 686 709 764; x_wconf 85' lang='lat' dir='ltr'><strong>ipsae</strong></span> <span class='ocrx_word' id='word_1_31' title='bbox 732 702 831 764; x_wconf 91' lang='lat' dir='ltr'><strong>panno</strong></span> <span class='ocrx_word' id='word_1_32' title='bbox 853 684 954 746; x_wconf 78' lang='lat' dir='ltr'><strong>inlitae</strong></span> <span class='ocrx_word' id='word_1_33' title='bbox 972 693 1006 747; x_wconf 91' lang='lat' dir='ltr'><strong>et</strong></span> 
     </span>
     <span class='ocr_line' id='line_1_6' title="bbox 65 771 1003 854; baseline 0.003 -22"><span class='ocrx_word' id='word_1_34' title='bbox 65 773 239 851; x_wconf 71' lang='lat' dir='ltr'><strong>sinpositae</strong></span> <span class='ocrx_word' id='word_1_35' title='bbox 271 771 423 851; x_wconf 81' lang='lat' dir='ltr'>paniculas</span> <span class='ocrx_word' id='word_1_36' title='bbox 458 772 609 852; x_wconf 72' lang='lat' dir='ltr'><strong>parotidas</strong></span> <span class='ocrx_word' id='word_1_37' title='bbox 642 772 819 834; x_wconf 80' lang='lat' dir='ltr'><strong>furunculos</strong></span> <span class='ocrx_word' id='word_1_38' title='bbox 850 781 1003 854; x_wconf 91' lang='lat' dir='ltr'><strong>rumpunt.</strong></span> 
     </span>
     <span class='ocr_line' id='line_1_7' title="bbox 92 860 1004 940; baseline 0.003 -20"><span class='ocrx_word' id='word_1_39' title='bbox 92 863 166 922; x_wconf 89' lang='lat' dir='ltr'><strong>item</strong></span> <span class='ocrx_word' id='word_1_40' title='bbox 189 877 257 921; x_wconf 92' lang='lat' dir='ltr'><strong>cum</strong></span> <span class='ocrx_word' id='word_1_41' title='bbox 284 860 353 921; x_wconf 87' lang='lat' dir='ltr'><strong>leno</strong></span> <span class='ocrx_word' id='word_1_42' title='bbox 377 879 484 939; x_wconf 81' lang='lat' dir='ltr'><strong>graeco</strong></span> <span class='ocrx_word' id='word_1_43' title='bbox 507 879 543 922; x_wconf 86' lang='lat' dir='ltr'><strong>ex</strong></span> <span class='ocrx_word' id='word_1_44' title='bbox 567 879 642 940; x_wconf 90' lang='lat' dir='ltr'><strong>aqua</strong></span> <span class='ocrx_word' id='word_1_45' title='bbox 669 861 809 930; x_wconf 89' lang='lat' dir='ltr'><strong>decoctae</strong></span> <span class='ocrx_word' id='word_1_46' title='bbox 839 862 1004 924; x_wconf 89' lang='lat' dir='ltr'><strong>lomentum</strong></span> 
     </span>
     <span class='ocr_line' id='line_1_8' title="bbox 92 947 1005 1034; baseline 0.002 -24"><span class='ocrx_word' id='word_1_47' title='bbox 92 950 207 1010; x_wconf 87' lang='lat' dir='ltr'><strong>faciunt</strong></span> <span class='ocrx_word' id='word_1_48' title='bbox 230 947 309 1028; x_wconf 88' lang='lat' dir='ltr'><strong>quod</strong></span> <span class='ocrx_word' id='word_1_49' title='bbox 332 951 486 1030; x_wconf 85' lang='lat' dir='ltr'><strong>extinguat</strong></span> <span class='ocrx_word' id='word_1_50' title='bbox 507 952 577 1010; x_wconf 91' lang='lat' dir='ltr'><strong>vitia</strong></span> <span class='ocrx_word' id='word_1_51' title='bbox 598 952 768 1034; x_wconf 84' lang='lat' dir='ltr'><strong>matricum,</strong></span> <span class='ocrx_word' id='word_1_52' title='bbox 791 969 860 1012; x_wconf 92' lang='lat' dir='ltr'><strong>cum</strong></span> <span class='ocrx_word' id='word_1_53' title='bbox 883 959 950 1013; x_wconf 91' lang='lat' dir='ltr'><strong>ruta</strong></span> <span class='ocrx_word' id='word_1_54' title='bbox 974 960 1005 1012; x_wconf 93' lang='lat' dir='ltr'><strong>et</strong></span> 
     </span>
     <span class='ocr_line' id='line_1_9' title="bbox 92 1035 1003 1120; baseline 0.003 -22"><span class='ocrx_word' id='word_1_55' title='bbox 92 1037 180 1098; x_wconf 88' lang='lat' dir='ltr'><strong>melle</strong></span> <span class='ocrx_word' id='word_1_56' title='bbox 203 1037 275 1098; x_wconf 89' lang='lat' dir='ltr'><strong>dant</strong></span> <span class='ocrx_word' id='word_1_57' title='bbox 297 1056 403 1099; x_wconf 92' lang='lat' dir='ltr'><strong>sucum</strong></span> <span class='ocrx_word' id='word_1_58' title='bbox 427 1039 479 1118; x_wconf 92' lang='lat' dir='ltr'><strong>qui</strong></span> <span class='ocrx_word' id='word_1_59' title='bbox 501 1057 517 1099; x_wconf 94' lang='lat' dir='ltr'><strong>a</strong></span> <span class='ocrx_word' id='word_1_60' title='bbox 539 1035 713 1120; x_wconf 87' lang='lat' dir='ltr'><strong>pleureticis</strong></span> <span class='ocrx_word' id='word_1_61' title='bbox 742 1047 772 1102; x_wconf 86' lang='lat' dir='ltr'><strong>et</strong></span> <span class='ocrx_word' id='word_1_62' title='bbox 798 1038 938 1120; x_wconf 87' lang='lat' dir='ltr'><strong>pulmone</strong></span> <span class='ocrx_word' id='word_1_63' title='bbox 962 1043 1003 1101; x_wconf 88' lang='lat' dir='ltr'><strong>ri-</strong></span> 
     </span>
     <span class='ocr_line' id='line_1_10' title="bbox 91 1123 1003 1191; baseline 0.003 -4"><span class='ocrx_word' id='word_1_64' title='bbox 91 1128 174 1188; x_wconf 88' lang='lat' dir='ltr'><strong>tiatis</strong></span> <span class='ocrx_word' id='word_1_65' title='bbox 193 1125 353 1187; x_wconf 83' lang='lat' dir='ltr'><strong>salubriter</strong></span> <span class='ocrx_word' id='word_1_66' title='bbox 375 1123 540 1188; x_wconf 83' lang='lat' dir='ltr'><strong>hauriatur.</strong></span> <span class='ocrx_word' id='word_1_67' title='bbox 577 1145 645 1188; x_wconf 89' lang='lat' dir='ltr'><strong>cum</strong></span> <span class='ocrx_word' id='word_1_68' title='bbox 664 1131 742 1190; x_wconf 89' lang='lat' dir='ltr'><strong>aeris</strong></span> <span class='ocrx_word' id='word_1_69' title='bbox 764 1128 838 1189; x_wconf 85' lang='lat' dir='ltr'><strong>llere</strong></span> <span class='ocrx_word' id='word_1_70' title='bbox 857 1129 1003 1191; x_wconf 82' lang='lat' dir='ltr'><strong>contritae</strong></span> 
     </span>
     <span class='ocr_line' id='line_1_11' title="bbox 50 1213 1002 1296; baseline 0.009 -26"><span class='ocrx_word' id='word_1_71' title='bbox 50 1232 77 1269; x_wconf 85' lang='lat'><strong>10</strong></span> <span class='ocrx_word' id='word_1_72' title='bbox 92 1213 310 1286; x_wconf 77' lang='lat' dir='ltr'><strong>molestissimis</strong></span> <span class='ocrx_word' id='word_1_73' title='bbox 333 1214 475 1276; x_wconf 90' lang='lat' dir='ltr'><strong>tibiarum</strong></span> <span class='ocrx_word' id='word_1_74' title='bbox 493 1215 667 1277; x_wconf 90' lang='lat' dir='ltr'><strong>vulneribus</strong></span> <span class='ocrx_word' id='word_1_75' title='bbox 688 1219 881 1296; x_wconf 89' lang='lat' dir='ltr'><strong>inponuntur.</strong></span> <span class='ocrx_word' id='word_1_76' title='bbox 914 1220 1002 1279; x_wconf 88' lang='lat' dir='ltr'><strong>tritae</strong></span> 
     </span>
     <span class='ocr_line' id='line_1_12' title="bbox 91 1303 1003 1384; baseline 0.003 -20"><span class='ocrx_word' id='word_1_77' title='bbox 91 1323 162 1365; x_wconf 92' lang='lat' dir='ltr'><strong>cum</strong></span> <span class='ocrx_word' id='word_1_78' title='bbox 190 1303 250 1365; x_wconf 88' lang='lat' dir='ltr'><strong>sale</strong></span> <span class='ocrx_word' id='word_1_79' title='bbox 279 1306 470 1383; x_wconf 88' lang='lat' dir='ltr'><strong>scorpionum</strong></span> <span class='ocrx_word' id='word_1_80' title='bbox 501 1304 596 1384; x_wconf 85' lang='lat' dir='ltr'><strong>plagis</strong></span> <span class='ocrx_word' id='word_1_81' title='bbox 630 1305 796 1367; x_wconf 90' lang='lat' dir='ltr'><strong>medentur.</strong></span> <span class='ocrx_word' id='word_1_82' title='bbox 838 1307 1003 1367; x_wconf 90' lang='lat' dir='ltr'><strong>canceratis</strong></span> 
     </span>
     <span class='ocr_line' id='line_1_13' title="bbox 91 1394 1002 1475; baseline 0.002 -21"><span class='ocrx_word' id='word_1_83' title='bbox 91 1401 204 1472; x_wconf 90' lang='lat' dir='ltr'><strong>quanto</strong></span> <span class='ocrx_word' id='word_1_84' title='bbox 233 1394 406 1472; x_wconf 81' lang='lat' dir='ltr'><strong>pinguiores</strong></span> <span class='ocrx_word' id='word_1_85' title='bbox 434 1394 547 1454; x_wconf 85' lang='lat' dir='ltr'><strong>luerint</strong></span> <span class='ocrx_word' id='word_1_86' title='bbox 574 1395 662 1455; x_wconf 86' lang='lat' dir='ltr'><strong>tritae</strong></span> <span class='ocrx_word' id='word_1_87' title='bbox 690 1403 722 1455; x_wconf 92' lang='lat' dir='ltr'><strong>et</strong></span> <span class='ocrx_word' id='word_1_88' title='bbox 747 1397 893 1475; x_wconf 90' lang='lat' dir='ltr'><strong>inpositae</strong></span> <span class='ocrx_word' id='word_1_89' title='bbox 920 1401 1002 1456; x_wconf 84' lang='lat' dir='ltr'><strong>tanto</strong></span> 
     </span>
    </p>
   </div>
   <div class='ocr_carea' id='block_1_3' title="bbox 48 1639 1086 2228">
    <p class='ocr_par' dir='ltr' id='par_1_3' title="bbox 91 1639 1077 1802">
     <span class='ocr_line' id='line_1_14' title="bbox 156 1639 1077 1716; baseline 0.009 -22"><span class='ocrx_word' id='word_1_90' title='bbox 156 1639 282 1697; x_wconf 78' lang='lat' dir='ltr'><strong>Ficorum</strong></span> <span class='ocrx_word' id='word_1_91' title='bbox 310 1647 406 1696; x_wconf 87' lang='lat' dir='ltr'><strong>natura</strong></span> <span class='ocrx_word' id='word_1_92' title='bbox 434 1639 593 1697; x_wconf 84' lang='lat' dir='ltr'><strong>calidissima</strong></span> <span class='ocrx_word' id='word_1_93' title='bbox 627 1649 678 1701; x_wconf 86' lang='lat' dir='ltr'><strong>est.</strong></span> <span class='ocrx_word' id='word_1_94' title='bbox 727 1643 795 1700; x_wconf 89' lang='lat' dir='ltr'><strong>licus</strong></span> <span class='ocrx_word' id='word_1_95' title='bbox 823 1643 924 1701; x_wconf 87' lang='lat' dir='ltr'><strong>virides</strong></span> <span class='ocrx_word' id='word_1_96' title='bbox 950 1644 1001 1701; x_wconf 91' lang='lat' dir='ltr'><strong>hu·</strong></span> <span class='ocrx_word' id='word_1_97' title='bbox 1020 1650 1077 1716; x_wconf 77' lang='grc'>(76)</span> 
     </span>
     <span class='ocr_line' id='line_1_15' title="bbox 91 1721 1003 1802; baseline 0.004 -21"><span class='ocrx_word' id='word_1_98' title='bbox 91 1733 211 1782; x_wconf 76' lang='lat' dir='ltr'><strong>meolam</strong></span> <span class='ocrx_word' id='word_1_99' title='bbox 232 1733 261 1782; x_wconf 85' lang='lat' dir='ltr'><strong>et</strong></span> <span class='ocrx_word' id='word_1_100' title='bbox 282 1721 420 1782; x_wconf 89' lang='lat' dir='ltr'><strong>deducunt</strong></span> <span class='ocrx_word' id='word_1_101' title='bbox 442 1733 470 1782; x_wconf 89' lang='lat' dir='ltr'><strong>et</strong></span> <span class='ocrx_word' id='word_1_102' title='bbox 498 1725 669 1784; x_wconf 77' lang='lat' dir='ltr'><strong>calefaciunt.</strong></span> <span class='ocrx_word' id='word_1_103' title='bbox 706 1727 865 1786; x_wconf 85' lang='lat' dir='ltr'><strong>humectant</strong></span> <span class='ocrx_word' id='word_1_104' title='bbox 894 1729 1003 1802; x_wconf 89' lang='lat' dir='ltr'><strong>quidem</strong></span> 
     </span>
    </p>

    <p class='ocr_par' dir='ltr' id='par_1_4' title="bbox 48 1803 1086 2228">
     <span class='ocr_line' id='line_1_16' title="bbox 48 1803 1086 1890; baseline 0.007 -26"><span class='ocrx_word' id='word_1_105' title='bbox 48 1823 74 1862; x_wconf 85' lang='lat'><strong>15</strong></span> <span class='ocrx_word' id='word_1_106' title='bbox 92 1811 155 1884; x_wconf 85' lang='lat' dir='ltr'><strong>quia</strong></span> <span class='ocrx_word' id='word_1_107' title='bbox 178 1811 273 1884; x_wconf 78' lang='lat' dir='ltr'><strong>pingui</strong></span> <span class='ocrx_word' id='word_1_108' title='bbox 295 1823 363 1866; x_wconf 91' lang='lat' dir='ltr'><strong>suco</strong></span> <span class='ocrx_word' id='word_1_109' title='bbox 378 1819 458 1881; x_wconf 83' lang='lat' dir='ltr'><strong>suut,</strong></span> <span class='ocrx_word' id='word_1_110' title='bbox 480 1803 642 1867; x_wconf 80' lang='lat' dir='ltr'><strong>calefaciunt</strong></span> <span class='ocrx_word' id='word_1_111' title='bbox 656 1819 745 1868; x_wconf 88' lang='lat' dir='ltr'><strong>autem</strong></span> <span class='ocrx_word' id='word_1_112' title='bbox 761 1820 876 1888; x_wconf 84' lang='lat' dir='ltr'><strong>propter</strong></span> <span class='ocrx_word' id='word_1_113' title='bbox 897 1818 1002 1870; x_wconf 86' lang='lat' dir='ltr'><strong>sucum.</strong></span> <span class='ocrx_word' id='word_1_114' title='bbox 1084 1881 1086 1890; x_wconf 22' lang='lat' dir='ltr'>y</span> 
     </span>
     <span class='ocr_line' id='line_1_17' title="bbox 91 1893 1003 1972; baseline 0.004 -21"><span class='ocrx_word' id='word_1_115' title='bbox 91 1902 244 1969; x_wconf 83' lang='lat' dir='ltr'><strong>egeruntur</strong></span> <span class='ocrx_word' id='word_1_116' title='bbox 254 1895 333 1950; x_wconf 89' lang='lat' dir='ltr'><strong>etiam</strong></span> <span class='ocrx_word' id='word_1_117' title='bbox 345 1893 488 1951; x_wconf 88' lang='lat' dir='ltr'><strong>dulcedine</strong></span> <span class='ocrx_word' id='word_1_118' title='bbox 502 1894 634 1967; x_wconf 90' lang='lat' dir='ltr'><strong>ipsorum.</strong></span> <span class='ocrx_word' id='word_1_119' title='bbox 662 1897 743 1970; x_wconf 90' lang='lat' dir='ltr'><strong>primi</strong></span> <span class='ocrx_word' id='word_1_120' title='bbox 756 1913 823 1972; x_wconf 83' lang='lat' dir='ltr'><strong>ergo</strong></span> <span class='ocrx_word' id='word_1_121' title='bbox 839 1897 885 1971; x_wconf 82' lang='lat' dir='ltr'><strong>qui</strong></span> <span class='ocrx_word' id='word_1_122' title='bbox 902 1896 1003 1954; x_wconf 83' lang='lat' dir='ltr'><strong>luerint</strong></span> 
     </span>
     <span class='ocr_line' id='line_1_18' title="bbox 90 1979 1002 2057; baseline 0.003 -22"><span class='ocrx_word' id='word_1_123' title='bbox 90 1980 202 2054; x_wconf 86' lang='lat' dir='ltr'><strong>pessimi</strong></span> <span class='ocrx_word' id='word_1_124' title='bbox 223 1986 288 2035; x_wconf 89' lang='lat' dir='ltr'><strong>sunt</strong></span> <span class='ocrx_word' id='word_1_125' title='bbox 309 1987 424 2053; x_wconf 88' lang='lat' dir='ltr'><strong>propter</strong></span> <span class='ocrx_word' id='word_1_126' title='bbox 445 1979 552 2034; x_wconf 90' lang='lat' dir='ltr'><strong>nimiam</strong></span> <span class='ocrx_word' id='word_1_127' title='bbox 574 1981 777 2053; x_wconf 88' lang='lat' dir='ltr'><strong>austeritatem,</strong></span> <span class='ocrx_word' id='word_1_128' title='bbox 800 1981 1002 2057; x_wconf 84' lang='lat' dir='ltr'><strong>subsequentes</strong></span> 
     </span>
     <span class='ocr_line' id='line_1_19' title="bbox 89 2061 1001 2140; baseline 0.003 -20"><span class='ocrx_word' id='word_1_129' title='bbox 89 2063 218 2120; x_wconf 86' lang='lat' dir='ltr'><strong>meliores</strong></span> <span class='ocrx_word' id='word_1_130' title='bbox 233 2070 306 2120; x_wconf 88' lang='lat' dir='ltr'><strong>sunt.</strong></span> <span class='ocrx_word' id='word_1_131' title='bbox 336 2063 400 2120; x_wconf 90' lang='lat' dir='ltr'><strong>sicci</strong></span> <span class='ocrx_word' id='word_1_132' title='bbox 416 2061 570 2122; x_wconf 86' lang='lat' dir='ltr'><strong>calidissimi</strong></span> <span class='ocrx_word' id='word_1_133' title='bbox 586 2073 667 2138; x_wconf 80' lang='lat' dir='ltr'><strong>sunt,</strong></span> <span class='ocrx_word' id='word_1_134' title='bbox 682 2065 729 2120; x_wconf 84' lang='lat' dir='ltr'><strong>sed</strong></span> <span class='ocrx_word' id='word_1_135' title='bbox 746 2074 907 2140; x_wconf 77' lang='lat' dir='ltr'><strong>egeruntur.</strong></span> <span class='ocrx_word' id='word_1_136' title='bbox 937 2068 1001 2123; x_wconf 89' lang='lat' dir='ltr'><strong>sicci</strong></span> 
     </span>
     <span class='ocr_line' id='line_1_20' title="bbox 90 2147 1001 2228; baseline 0 -21"><span class='ocrx_word' id='word_1_137' title='bbox 90 2149 162 2208; x_wconf 84' lang='lat' dir='ltr'><strong>cocu</strong></span> <span class='ocrx_word' id='word_1_138' title='bbox 190 2148 218 2202; x_wconf 90' lang='lat' dir='ltr'><strong>in</strong></span> <span class='ocrx_word' id='word_1_139' title='bbox 247 2163 316 2222; x_wconf 88' lang='lat' dir='ltr'><strong>aqua</strong></span> <span class='ocrx_word' id='word_1_140' title='bbox 346 2164 407 2204; x_wconf 91' lang='lat' dir='ltr'><strong>cum</strong></span> <span class='ocrx_word' id='word_1_141' title='bbox 435 2163 522 2222; x_wconf 78' lang='lat' dir='ltr'><strong>ysopo</strong></span> <span class='ocrx_word' id='word_1_142' title='bbox 551 2147 641 2228; x_wconf 81' lang='lat' dir='ltr'><strong>omuia</strong></span> <span class='ocrx_word' id='word_1_143' title='bbox 668 2148 828 2224; x_wconf 90' lang='lat' dir='ltr'><strong>pulmonum</strong></span> <span class='ocrx_word' id='word_1_144' title='bbox 851 2152 913 2208; x_wconf 86' lang='lat' dir='ltr'><strong>vitia</strong></span> <span class='ocrx_word' id='word_1_145' title='bbox 941 2167 1001 2209; x_wconf 90' lang='lat' dir='ltr'><strong>cum</strong></span> 
     </span>
    </p>
   </div>
   <div class='ocr_carea' id='block_1_4' title="bbox 47 2231 1087 2476">
    <p class='ocr_par' dir='ltr' id='par_1_5' title="bbox 47 2231 1087 2476">
     <span class='ocr_line' id='line_1_21' title="bbox 47 2231 1087 2314; baseline 0.008 -24"><span class='ocrx_word' id='word_1_146' title='bbox 47 2251 76 2291; x_wconf 78' lang='lat' dir='ltr'><strong>so</strong></span> <span class='ocrx_word' id='word_1_147' title='bbox 93 2233 163 2290; x_wconf 87' lang='lat' dir='ltr'><strong>tussi</strong></span> <span class='ocrx_word' id='word_1_148' title='bbox 185 2239 291 2290; x_wconf 86' lang='lat' dir='ltr'><strong>curant.</strong></span> <span class='ocrx_word' id='word_1_149' title='bbox 330 2233 386 2288; x_wconf 84' lang='lat' dir='ltr'><strong>triti</strong></span> <span class='ocrx_word' id='word_1_150' title='bbox 401 2248 462 2288; x_wconf 91' lang='lat' dir='ltr'><strong>cum</strong></span> <span class='ocrx_word' id='word_1_151' title='bbox 485 2231 564 2289; x_wconf 90' lang='lat' dir='ltr'><strong>melle</strong></span> <span class='ocrx_word' id='word_1_152' title='bbox 580 2233 762 2292; x_wconf 82' lang='lat' dir='ltr'><strong>carbunculos</strong></span> <span class='ocrx_word' id='word_1_153' title='bbox 786 2235 827 2293; x_wconf 85' lang='lat' dir='ltr'><strong>rel</strong></span> <span class='ocrx_word' id='word_1_154' title='bbox 843 2236 934 2314; x_wconf 77' lang='lat' dir='ltr'><strong>ulcera</strong></span> <span class='ocrx_word' id='word_1_155' title='bbox 956 2253 1003 2292; x_wconf 91' lang='lat' dir='ltr'><strong>cu·</strong></span> <span class='ocrx_word' id='word_1_156' title='bbox 1085 2293 1087 2298; x_wconf 91' lang='lat'><em>.</em></span> 
     </span>
     <span class='ocr_line' id='line_1_22' title="bbox 91 2315 1085 2398; baseline 0.006 -25"><span class='ocrx_word' id='word_1_157' title='bbox 91 2324 162 2373; x_wconf 87' lang='lat' dir='ltr'><strong>rant.</strong></span> <span class='ocrx_word' id='word_1_158' title='bbox 199 2316 306 2372; x_wconf 89' lang='lat' dir='ltr'><strong>inlusus</strong></span> <span class='ocrx_word' id='word_1_159' title='bbox 328 2317 357 2372; x_wconf 90' lang='lat' dir='ltr'><strong>in</strong></span> <span class='ocrx_word' id='word_1_160' title='bbox 379 2315 464 2373; x_wconf 90' lang='lat' dir='ltr'><strong>mulsa</strong></span> <span class='ocrx_word' id='word_1_161' title='bbox 487 2316 587 2390; x_wconf 89' lang='lat' dir='ltr'><strong>pedum</strong></span> <span class='ocrx_word' id='word_1_162' title='bbox 608 2316 749 2378; x_wconf 87' lang='lat' dir='ltr'><strong>doloribus</strong></span> <span class='ocrx_word' id='word_1_163' title='bbox 765 2335 825 2378; x_wconf 89' lang='lat' dir='ltr'><strong>cum</strong></span> <span class='ocrx_word' id='word_1_164' title='bbox 846 2320 1002 2398; x_wconf 78' lang='lat' dir='ltr'><strong>podagricis</strong></span> <span class='ocrx_word' id='word_1_165' title='bbox 1082 2317 1085 2326; x_wconf 66' lang='lat'>‘</span> 
     </span>
     <span class='ocr_line' id='line_1_23' title="bbox 90 2401 745 2476; baseline -0.002 -16"><span class='ocrx_word' id='word_1_166' title='bbox 90 2401 218 2476; x_wconf 84' lang='lat' dir='ltr'><strong>prodest.</strong></span> <span class='ocrx_word' id='word_1_167' title='bbox 741 2401 745 2406; x_wconf 87' lang='lat'>&#39;</span> 
     </span>
    </p>
   </div>
   <div class='ocr_carea' id='block_1_5' title="bbox 464 2481 625 2494">
    <p class='ocr_par' dir='ltr' id='par_1_6' title="bbox 464 2481 625 2494">
     <span class='ocr_line' id='line_1_24' title="bbox 464 2481 625 2494; baseline 0 -2"><span class='ocrx_word' id='word_1_168' title='bbox 464 2481 625 2494; x_wconf 60' lang='grc' dir='ltr'><strong>ιι--ι-...κ</strong></span> 
     </span>
    </p>
   </div>
   <div class='ocr_carea' id='block_1_6' title="bbox 158 2553 1077 2640">
    <p class='ocr_par' dir='ltr' id='par_1_7' title="bbox 158 2553 1077 2640">
     <span class='ocr_line' id='line_1_25' title="bbox 158 2553 1077 2640; baseline 0.001 -34"><span class='ocrx_word' id='word_1_169' title='bbox 158 2553 206 2606; x_wconf 84' lang='lat' dir='ltr'><strong>De</strong></span> <span class='ocrx_word' id='word_1_170' title='bbox 225 2567 300 2605; x_wconf 79' lang='lat' dir='ltr'><strong>uve.</strong></span> <span class='ocrx_word' id='word_1_171' title='bbox 942 2562 949 2628; x_wconf 68' lang='lat' dir='ltr'>j</span> <span class='ocrx_word' id='word_1_172' title='bbox 1019 2571 1077 2640; x_wconf 67' lang='grc' dir='ltr'><strong>(ῃ)</strong></span> 
     </span>
    </p>
   </div>
   <div class='ocr_carea' id='block_1_7' title="bbox 90 2643 999 2807">
    <p class='ocr_par' dir='ltr' id='par_1_8' title="bbox 90 2643 999 2807">
     <span class='ocr_line' id='line_1_26' title="bbox 156 2643 999 2722; baseline 0.002 -20"><span class='ocrx_word' id='word_1_173' title='bbox 156 2643 209 2702; x_wconf 85' lang='lat' dir='ltr'><strong>Uva</strong></span> <span class='ocrx_word' id='word_1_174' title='bbox 221 2645 309 2716; x_wconf 82' lang='lat' dir='ltr'><strong>calida</strong></span> <span class='ocrx_word' id='word_1_175' title='bbox 324 2654 367 2702; x_wconf 85' lang='lat' dir='ltr'><strong>est</strong></span> <span class='ocrx_word' id='word_1_176' title='bbox 389 2653 418 2703; x_wconf 84' lang='lat' dir='ltr'><strong>et</strong></span> <span class='ocrx_word' id='word_1_177' title='bbox 439 2647 547 2704; x_wconf 91' lang='lat' dir='ltr'><strong>humida</strong></span> <span class='ocrx_word' id='word_1_178' title='bbox 562 2657 590 2705; x_wconf 86' lang='lat' dir='ltr'><strong>et</strong></span> <span class='ocrx_word' id='word_1_179' title='bbox 612 2649 752 2722; x_wconf 77' lang='lat' dir='ltr'><strong>egeritur.&#39;</strong></span> <span class='ocrx_word' id='word_1_180' title='bbox 781 2649 894 2705; x_wconf 74' lang='lat' dir='ltr'><strong>maxima</strong></span> <span class='ocrx_word' id='word_1_181' title='bbox 909 2656 999 2706; x_wconf 89' lang='lat' dir='ltr'><strong>autem</strong></span> 
     </span>
     <span class='ocr_line' id='line_1_27' title="bbox 90 2730 997 2807; baseline 0.001 -18"><span class='ocrx_word' id='word_1_182' title='bbox 90 2731 149 2789; x_wconf 85' lang='lat' dir='ltr'><strong>alba</strong></span> <span class='ocrx_word' id='word_1_183' title='bbox 173 2747 240 2805; x_wconf 80' lang='lat' dir='ltr'><strong>quae</strong></span> <span class='ocrx_word' id='word_1_184' title='bbox 263 2730 346 2788; x_wconf 85' lang='lat' dir='ltr'><strong>luerit</strong></span> <span class='ocrx_word' id='word_1_185' title='bbox 367 2730 488 2789; x_wconf 79' lang='lat' dir='ltr'><strong>calefacit</strong></span> <span class='ocrx_word' id='word_1_186' title='bbox 509 2731 633 2806; x_wconf 82' lang='lat' dir='ltr'><strong>fortiter,</strong></span> <span class='ocrx_word' id='word_1_187' title='bbox 656 2732 717 2789; x_wconf 91' lang='lat' dir='ltr'><strong>ideo</strong></span> <span class='ocrx_word' id='word_1_188' title='bbox 741 2734 803 2807; x_wconf 88' lang='lat' dir='ltr'><strong>quia</strong></span> <span class='ocrx_word' id='word_1_189' title='bbox 818 2732 935 2790; x_wconf 88' lang='lat' dir='ltr'><strong>multum</strong></span> <span class='ocrx_word' id='word_1_190' title='bbox 956 2749 997 2790; x_wconf 91' lang='lat' dir='ltr'><strong>ca·</strong></span> 
     </span>
    </p>
   </div>
   <div class='ocr_carea' id='block_1_8' title="bbox 88 2853 302 2874">
    <p class='ocr_par' dir='ltr' id='par_1_9' title="bbox 88 2853 302 2874">
     <span class='ocr_line' id='line_1_28' title="bbox 88 2853 302 2874; baseline 0 0"><span class='ocrx_word' id='word_1_191' title='bbox 88 2853 302 2874; x_wconf 66' lang='lat' dir='ltr'>——l—</span> 
     </span>
    </p>
   </div>
   <div class='ocr_carea' id='block_1_9' title="bbox 6 2968 1107 3683">
    <p class='ocr_par' dir='ltr' id='par_1_10' title="bbox 68 2968 1107 3238">
     <span class='ocr_line' id='line_1_29' title="bbox 160 2968 1107 3040; baseline 0.004 -18"><span class='ocrx_word' id='word_1_192' title='bbox 160 2968 347 3024; x_wconf 80' lang='lat' dir='ltr'><strong>1Effioacius</strong></span> <span class='ocrx_word' id='word_1_193' title='bbox 369 2969 465 3023; x_wconf 83' lang='lat' dir='ltr'><strong>aulem</strong></span> <span class='ocrx_word' id='word_1_194' title='bbox 493 2969 517 3022; x_wconf 92' lang='lat' dir='ltr'><strong>si</strong></span> <span class='ocrx_word' id='word_1_195' title='bbox 607 2971 617 3024; x_wconf 89' lang='lat' dir='ltr'><strong>l</strong></span> <span class='ocrx_word' id='word_1_196' title='bbox 640 2971 707 3036; x_wconf 78' lang='lat' dir='ltr'><strong>(non</strong></span> <span class='ocrx_word' id='word_1_197' title='bbox 728 2973 786 3040; x_wconf 78' lang='lat' dir='ltr'><strong>po).</strong></span> <span class='ocrx_word' id='word_1_198' title='bbox 807 2972 812 3038; x_wconf 81' lang='lat' dir='ltr'><strong>l</strong></span> <span class='ocrx_word' id='word_1_199' title='bbox 837 2970 1009 3040; x_wconf 60' lang='lat' dir='ltr'><strong>sieispo‘la</strong></span> <span class='ocrx_word' id='word_1_200' title='bbox 1034 2970 1107 3040; x_wconf 86' lang='lat' dir='ltr'><strong>siin</strong></span> 
     </span>
     <span class='ocr_line' id='line_1_30' title="bbox 87 3039 1106 3112; baseline 0.002 -16"><span class='ocrx_word' id='word_1_201' title='bbox 87 3041 195 3109; x_wconf 76' lang='lat' dir='ltr'><strong>eiuro,</strong></span> <span class='ocrx_word' id='word_1_202' title='bbox 214 3039 358 3110; x_wconf 73' lang='lat' dir='ltr'><strong>sio(cum)</strong></span> <span class='ocrx_word' id='word_1_203' title='bbox 377 3039 418 3094; x_wconf 88' lang='lat' dir='ltr'><strong>eis</strong></span> <span class='ocrx_word' id='word_1_204' title='bbox 436 3039 560 3109; x_wconf 74' lang='lat' dir='ltr'><strong>dlira&#39;s</strong></span> <span class='ocrx_word' id='word_1_205' title='bbox 578 3041 668 3110; x_wconf 71' lang='lat' dir='ltr'><strong>petat:</strong></span> <span class='ocrx_word' id='word_1_206' title='bbox 686 3040 790 3110; x_wconf 76' lang='lat' dir='ltr'><strong>yrias,</strong></span> <span class='ocrx_word' id='word_1_207' title='bbox 808 3041 885 3111; x_wconf 81' lang='lat' dir='ltr'><strong>hyris</strong></span> <span class='ocrx_word' id='word_1_208' title='bbox 903 3042 929 3097; x_wconf 84' lang='lat' dir='ltr'><strong>d.</strong></span> <span class='ocrx_word' id='word_1_209' title='bbox 983 3047 1106 3112; x_wconf 68' lang='lat' dir='ltr'><strong>tysopo</strong></span> 
     </span>
     <span class='ocr_line' id='line_1_31' title="bbox 68 3110 1106 3238; baseline 0.001 -71"><span class='ocrx_word' id='word_1_210' title='bbox 68 3113 147 3236; x_wconf 37' lang='grc' dir='ltr'><strong>’ΞΕ</strong></span> <span class='ocrx_word' id='word_1_211' title='bbox 159 3111 305 3200; x_wconf 18' lang='grc' dir='ltr'><strong>(ἰεοροιγᾊ</strong></span> <span class='ocrx_word' id='word_1_212' title='bbox 329 3111 451 3181; x_wconf 77' lang='lat' dir='ltr'><strong>hyssopo</strong></span> <span class='ocrx_word' id='word_1_213' title='bbox 470 3111 494 3166; x_wconf 82' lang='lat' dir='ltr'><strong>b.</strong></span> <span class='ocrx_word' id='word_1_214' title='bbox 510 3117 561 3236; x_wconf 62' lang='lat' dir='ltr'><strong>dia</strong></span> <span class='ocrx_word' id='word_1_215' title='bbox 580 3110 653 3196; x_wconf 74' lang='lat' dir='ltr'><strong>ilem</strong></span> <span class='ocrx_word' id='word_1_216' title='bbox 671 3113 723 3166; x_wconf 75' lang='lat' dir='ltr'><strong>rt:</strong></span> <span class='ocrx_word' id='word_1_217' title='bbox 746 3112 825 3168; x_wconf 89' lang='lat' dir='ltr'><strong>Idem</strong></span> <span class='ocrx_word' id='word_1_218' title='bbox 842 3112 1106 3238; x_wconf 54' lang='lat' dir='ltr'><strong>po‚dEedeffil</strong></span> 
     </span>
    </p>

    <p class='ocr_par' dir='ltr' id='par_1_11' title="bbox 6 3183 1106 3396">
     <span class='ocr_line' id='line_1_32' title="bbox 6 3183 1106 3325; baseline 0.001 -16"><span class='ocrx_word' id='word_1_219' title='bbox 6 3251 8 3266; x_wconf 80' lang='grc'><em>’</em></span> <span class='ocrx_word' id='word_1_220' title='bbox 126 3183 509 3325; x_wconf 43' lang='lat' dir='ltr'><strong>os&#39;qglrilliezdl-llrilpletlrllllel1</strong></span> <span class='ocrx_word' id='word_1_221' title='bbox 519 3183 627 3324; x_wconf 43' lang='lat' dir='ltr'><strong>ruffi</strong></span> <span class='ocrx_word' id='word_1_222' title='bbox 637 3198 685 3309; x_wconf 66' lang='lat' dir='ltr'><strong>ld</strong></span> <span class='ocrx_word' id='word_1_223' title='bbox 717 3189 772 3310; x_wconf 51' lang='lat'><strong>41?</strong></span> <span class='ocrx_word' id='word_1_224' title='bbox 772 3185 998 3325; x_wconf 49' lang='lat' dir='ltr'><strong>rptseagcqpms&#39;</strong></span> <span class='ocrx_word' id='word_1_225' title='bbox 1022 3215 1106 3310; x_wconf 75' lang='lat' dir='ltr'><strong>foeno</strong></span> 
     </span>
     <span class='ocr_line' id='line_1_33' title="bbox 147 3324 1105 3396; baseline -0.001 -16.036"><span class='ocrx_word' id='word_1_226' title='bbox 147 3343 178 3396; x_wconf 75' lang='lat' dir='ltr'><strong>y,</strong></span> <span class='ocrx_word' id='word_1_227' title='bbox 195 3325 261 3380; x_wconf 82' lang='lat' dir='ltr'><strong>feno</strong></span> <span class='ocrx_word' id='word_1_228' title='bbox 279 3343 320 3396; x_wconf 84' lang='lat' dir='ltr'><strong>gr.</strong></span> <span class='ocrx_word' id='word_1_229' title='bbox 339 3325 396 3380; x_wconf 85' lang='lat' dir='ltr'><strong>old</strong></span> <span class='ocrx_word' id='word_1_230' title='bbox 414 3324 610 3395; x_wconf 66' lang='lat' dir='ltr'><strong>(foenum-acco</strong></span> <span class='ocrx_word' id='word_1_231' title='bbox 624 3325 681 3395; x_wconf 83' lang='lat' dir='ltr'><strong>rb).·</strong></span> <span class='ocrx_word' id='word_1_232' title='bbox 727 3331 742 3380; x_wconf 79' lang='lat' dir='ltr'><strong>t</strong></span> <span class='ocrx_word' id='word_1_233' title='bbox 763 3326 949 3396; x_wconf 78' lang='lat' dir='ltr'><strong>extinguaiv.</strong></span> <span class='ocrx_word' id='word_1_234' title='bbox 963 3327 1105 3396; x_wconf 75' lang='lat' dir='ltr'><strong>mquid:</strong></span> 
     </span>
    </p>

    <p class='ocr_par' dir='ltr' id='par_1_12' title="bbox 106 3395 1106 3468">
     <span class='ocr_line' id='line_1_34' title="bbox 106 3395 1106 3468; baseline -0.002 -16"><span class='ocrx_word' id='word_1_235' title='bbox 106 3415 169 3454; x_wconf 88' lang='lat' dir='ltr'><strong>.m.</strong></span> <span class='ocrx_word' id='word_1_236' title='bbox 189 3395 330 3467; x_wconf 70' lang='lat' dir='ltr'><strong>extinguit</strong></span> <span class='ocrx_word' id='word_1_237' title='bbox 350 3397 395 3452; x_wconf 80' lang='lat' dir='ltr'><strong>rb.</strong></span> <span class='ocrx_word' id='word_1_238' title='bbox 460 3400 477 3450; x_wconf 86' lang='lat'>8</span> <span class='ocrx_word' id='word_1_239' title='bbox 501 3396 570 3450; x_wconf 78' lang='lat' dir='ltr'><strong>dunt</strong></span> <span class='ocrx_word' id='word_1_240' title='bbox 593 3399 803 3466; x_wconf 68' lang='lat' dir='ltr'><strong>sucumpold:</strong></span> <span class='ocrx_word' id='word_1_241' title='bbox 831 3414 927 3452; x_wconf 89' lang='lat' dir='ltr'><strong>sucum</strong></span> <span class='ocrx_word' id='word_1_242' title='bbox 950 3396 1020 3451; x_wconf 78' lang='lat' dir='ltr'><strong>dant</strong></span> <span class='ocrx_word' id='word_1_243' title='bbox 1037 3395 1106 3468; x_wconf 65' lang='lat' dir='ltr'><strong>riti</strong></span> 
     </span>
    </p>

    <p class='ocr_par' dir='ltr' id='par_1_13' title="bbox 85 3466 1107 3610">
     <span class='ocr_line' id='line_1_35' title="bbox 87 3466 1106 3551; baseline -0.001 -28"><span class='ocrx_word' id='word_1_244' title='bbox 87 3467 138 3539; x_wconf 89' lang='lat' dir='ltr'><strong>qui</strong></span> <span class='ocrx_word' id='word_1_245' title='bbox 156 3485 186 3523; x_wconf 79' lang='lat' dir='ltr'><strong>a:</strong></span> <span class='ocrx_word' id='word_1_246' title='bbox 208 3485 234 3538; x_wconf 72' lang='lat' dir='ltr'><strong>qa</strong></span> <span class='ocrx_word' id='word_1_247' title='bbox 254 3468 342 3538; x_wconf 82' lang='lat' dir='ltr'><strong>(quia)</strong></span> <span class='ocrx_word' id='word_1_248' title='bbox 355 3485 380 3523; x_wconf 87' lang='lat' dir='ltr'><strong>o.</strong></span> <span class='ocrx_word' id='word_1_249' title='bbox 401 3471 405 3538; x_wconf 91' lang='grc' dir='ltr'>Ι</span> <span class='ocrx_word' id='word_1_250' title='bbox 425 3466 536 3524; x_wconf 73' lang='lat' dir='ltr'><strong>sitistis</strong></span> <span class='ocrx_word' id='word_1_251' title='bbox 552 3467 645 3551; x_wconf 69' lang='lat' dir='ltr'><strong>pald:</strong></span> <span class='ocrx_word' id='word_1_252' title='bbox 673 3467 751 3551; x_wconf 77' lang='lat' dir='ltr'><strong>vitiis</strong></span> <span class='ocrx_word' id='word_1_253' title='bbox 769 3469 814 3523; x_wconf 82' lang='lat' dir='ltr'><strong>rb.</strong></span> <span class='ocrx_word' id='word_1_254' title='bbox 864 3466 1106 3537; x_wconf 60' lang='lat' dir='ltr'><strong>econtriisedte)</strong></span> 
     </span>
     <span class='ocr_line' id='line_1_36' title="bbox 85 3537 1107 3610; baseline -0.001 -15"><span class='ocrx_word' id='word_1_255' title='bbox 85 3540 178 3610; x_wconf 72' lang='lat' dir='ltr'><strong>pald:</strong></span> <span class='ocrx_word' id='word_1_256' title='bbox 196 3539 282 3595; x_wconf 73' lang='lat' dir='ltr'><strong>tritae</strong></span> <span class='ocrx_word' id='word_1_257' title='bbox 300 3540 345 3596; x_wconf 83' lang='lat' dir='ltr'><strong>rb.</strong></span> <span class='ocrx_word' id='word_1_258' title='bbox 397 3546 432 3596; x_wconf 84' lang='lat'><strong>10</strong></span> <span class='ocrx_word' id='word_1_259' title='bbox 449 3538 587 3596; x_wconf 78' lang='lat' dir='ltr'><strong>molestus</strong></span> <span class='ocrx_word' id='word_1_260' title='bbox 606 3539 632 3594; x_wconf 85' lang='lat' dir='ltr'><strong>d.</strong></span> <span class='ocrx_word' id='word_1_261' title='bbox 649 3539 654 3608; x_wconf 87' lang='grc' dir='ltr'>Ι</span> <span class='ocrx_word' id='word_1_262' title='bbox 669 3537 814 3608; x_wconf 75' lang='lat' dir='ltr'><strong>tybiarum</strong></span> <span class='ocrx_word' id='word_1_263' title='bbox 832 3539 877 3594; x_wconf 81' lang='lat' dir='ltr'><strong>rb.</strong></span> <span class='ocrx_word' id='word_1_264' title='bbox 925 3543 957 3593; x_wconf 92' lang='lat'><strong>11</strong></span> <span class='ocrx_word' id='word_1_265' title='bbox 977 3553 1107 3594; x_wconf 79' lang='lat' dir='ltr'><strong>cancera-</strong></span> 
     </span>
    </p>

    <p class='ocr_par' dir='ltr' id='par_1_14' title="bbox 85 3609 1104 3683">
     <span class='ocr_line' id='line_1_37' title="bbox 85 3609 1104 3683; baseline -0.003 -16"><span class='ocrx_word' id='word_1_266' title='bbox 85 3612 126 3667; x_wconf 82' lang='lat' dir='ltr'><strong>tis</strong></span> <span class='ocrx_word' id='word_1_267' title='bbox 142 3611 378 3683; x_wconf 61' lang='lat' dir='ltr'><strong>...subveniam</strong></span> <span class='ocrx_word' id='word_1_268' title='bbox 393 3613 433 3666; x_wconf 81' lang='lat' dir='ltr'><strong>sic</strong></span> <span class='ocrx_word' id='word_1_269' title='bbox 443 3611 798 3682; x_wconf 71' lang='lat' dir='ltr'><strong>(mmotatonrpooctiom)</strong></span> <span class='ocrx_word' id='word_1_270' title='bbox 813 3611 881 3665; x_wconf 81' lang='lat' dir='ltr'><strong>doce</strong></span> <span class='ocrx_word' id='word_1_271' title='bbox 891 3609 989 3665; x_wconf 77' lang='lat' dir='ltr'><strong>Plinio</strong></span> <span class='ocrx_word' id='word_1_272' title='bbox 998 3614 1104 3679; x_wconf 69' lang='lat'><strong>2⁸‚¹²⁸·</strong></span> 
     </span>
    </p>
   </div>
   <div class='ocr_carea' id='block_1_10' title="bbox 888 3697 943 3753">
    <p class='ocr_par' dir='ltr' id='par_1_15' title="bbox 888 3697 943 3753">
     <span class='ocr_line' id='line_1_38' title="bbox 888 3697 943 3753; baseline 0.018 -1"><span class='ocrx_word' id='word_1_273' title='bbox 888 3697 943 3753; x_wconf 84' lang='lat'><strong>13*</strong></span> 
     </span>
    </p>
   </div>
   <div class='ocr_carea' id='block_1_11' title="bbox 0 0 1314 4040">
    <p class='ocr_par' dir='ltr' id='par_1_16' title="bbox 0 0 1314 4040">
     <span class='ocr_line' id='line_1_39' title="bbox 0 0 1314 4040; baseline 0 4"><span class='ocrx_word' id='word_1_274' title='bbox 0 0 1314 4040; x_wconf 95' lang='lat' dir='ltr'><strong> </strong></span> 
     </span>
    </p>
   </div>
  </div>
 </body>
</html>
