2620 4040
488 241 730 306 -169-

99 408 173 468 teris
192 414 223 466 et
242 423 331 467 coxae
350 405 470 467 dolores
490 422 560 466 cnm
580 406 706 483 axungia
723 411 825 465 vetere
846 404 1007 486 efficaciter

98 495 301 556 admoventur.
339 493 466 560 eundem
490 495 622 554 cinerem
635 495 671 562 ¹si
693 495 761 573 quis
783 491 916 572 psilotris
937 511 1007 554 cum

98 592 183 645 aceto
198 590 228 644 et
241 582 337 645 lasere
352 585 553 664 coniunxerit,
567 583 693 644 detracti
706 581 759 661 pili
772 600 833 643 non
847 599 1005 644 renasccn·
1043 628 1070 684 G

97 682 156 734 tur.
194 672 271 752 apud
295 671 438 734 Galenum
460 673 579 755 invenio
603 673 716 732 semine
743 669 892 731 brassicae
915 671 1113 769 poto,(„·„„',p)

69 763 285 840 maximeque
304 762 455 842 aegyptiae
479 778 554 839 qnae
579 760 783 821 vehementior
806 759 848 820 illi
871 759 1111 841 vidctunrrrta.

98 849 262 911 lumbricos
285 858 316 910 et
338 851 437 911 omnia
462 850 545 910 intus
572 849 707 910 animalia
730 850 872 927 extingui.
908 847 1113 928 pulvisPl.20,

98 958 115 999 e
140 941 240 1000 cinere
268 938 402 1010 radicum
424 940 569 1000 iacentem
597 955 684 999 uvam
713 936 866 998 subiectos
888 935 1004 998 attollit.
1014 935 1102 1000 36295·

97 1027 228 1088 Melitios
250 1027 385 1089 adfirmat
407 1045 481 1088 urae
500 1045 565 1087 esse
587 1025 718 1087 remedia
736 1026 867 1087 radicem
888 1026 1005 1106 plantae
1051 1031 1067 1065 *

98 1115 229 1178 avulsam
244 1115 379 1196 colloque
394 1133 570 1194 suspensam
584 1118 625 1176 ita
638 1133 677 1176 ne
692 1121 803 1176 terram
816 1122 886 1194 post
899 1132 1004 1176 runca-

55 1221 83 1260 ro
97 1208 211 1265 tionem
234 1207 392 1285 contingat.

164 1335 288 1392 xm·
320 1335 370 1390 ΒΘ
393 1348 568 1405 asparago.
1038 1321 1083 1376 rr.

165 1437 314 1515 Asparago
345 1436 424 1495 inest
451 1442 481 1496 et
513 1433 620 1494 caloris
649 1433 845 1515 aliquantum,
878 1433 930 1494 sed
962 1397 1101 1494 filil-⁰³⁹²·

98 1525 187 1585 etiam
219 1525 339 1604 styptici
372 1525 480 1602 rigoris
508 1530 710 1602 temperatura
741 1525 893 1583 miscetur.
935 1522 1003 1583 inde

161 1701 282 1758 Caulium
305 1717 404 1777 genera
425 1708 490 1758 sunt
512 1702 646 1775 quinque,
675 1715 805 1757 cumanus
827 1701 1004 1775 pompeianus
1031 1695 1087 1762 (29)

97 1787 216 1843 aricinos
239 1785 381 1843 sabellicus
403 1785 536 1855 bruttius,
561 1803 613 1841 una
634 1786 721 1841 virtus
743 1784 838 1842 calida.
875 1801 1005 1842 cumanus
1038 1783 1083 1836 Pl.

55 1877 81 1916 15
96 1871 216 1944 sessilis,
239 1873 266 1927 in
289 1871 376 1946 capite
399 1870 465 1926 lusis
488 1880 515 1926 et
537 1868 679 1926 latioribus
707 1868 789 1927 loliis.
825 1869 1003 1944 pompeianus
1015 1859 1101 1922 lepti.

97 1972 131 2012 ex
145 1956 197 2011 ima
212 1963 289 2029 parte
312 1954 486 2012 tenuissimus
503 1962 590 2010 totum
607 1971 706 2028 corpus
721 1955 750 2009 in
765 1960 846 2026 caput
868 1953 1005 2009 contrahit

98 2049 222 2096 tenerum
244 2040 309 2097 alias
332 2046 360 2096 et
380 2047 475 2096 eontra
497 2038 601 2114 frigora
622 2037 767 2094 infirmum.
805 2037 935 2094 aricinum
951 2037 1003 2093 ire·

97 2124 244 2198 questibus
267 2124 356 2196 loliis,
384 2123 433 2180 sed
455 2125 501 2198 qui
525 2130 614 2180 tamen
637 2123 689 2179 alio
712 2122 793 2178 modo
816 2129 912 2196 pensat
934 2137 1004 2196 quae

96 2208 270 2266 reciduntur:
284 2209 401 2282 plurimo
414 2209 490 2266 caule
498 2208 658 2267 renascitur.
681 2206 825 2264 sabellicus
833 2214 875 2263 est
887 2207 1002 2280 crispus,

55 2303 195 2367 tosapcre
222 2293 410 2366 dulcissimus,
444 2308 552 2350 crassus
578 2293 606 2347 in
635 2291 724 2363 ioliis,
751 2290 827 2349 caule
849 2290 1002 2348 macilento.

95 2377 216 2434 bruttius
238 2377 362 2434 altissimi
385 2377 506 2450 fruticis,
529 2377 681 2434 tenuissimi
702 2375 786 2434 caulis
808 2384 836 2432 et
858 2375 928 2432 duri.

160 2461 190 2518 ln
218 2461 278 2518 cibo
307 2460 456 2532 utilissimi,
486 2470 514 2518 et
543 2468 663 2518 ventrem
689 2467 800 2517 movent
826 2467 854 2517 et
882 2462 996 2517 urinam.
1026 2455 1082 2523 (Pl.

95 2563 178 2603 sucus
206 2562 300 2603 eorum
323 2547 436 2603 inviro
464 2547 565 2602 mixtus
592 2546 696 2601 aurium
724 2544 834 2602 dolores
855 2544 1003 2601 instillatus
1014 2528 1103 2596 ²⁰2³3l

95 2637 194 2688 sanat.
229 2647 322 2687 semen
345 2647 440 2687 eorum
462 2646 524 2687 cum
539 2631 600 2686 vino
624 2631 717 2686 tritum
739 2635 834 2703 potum
856 2627 1003 2685 lumbricos

54 2727 81 2766 25
95 2723 123 2771 et
147 2717 233 2772 tineas
254 2716 357 2773 ventris
378 2716 525 2788 interficit.
564 2715 686 2772 calefacit
708 2723 735 2770 et
758 2712 795 2769 iel
819 2711 949 2770 deducit.-

168 2889 182 2936 1
202 2883 232 2936 et
250 2897 335 2937 coxae
352 2882 417 2951 pol:
437 2897 578 2950 coxaeque
596 2883 640 2937 rb.
658 2883 661 2946 Ι
678 2883 772 2936 vetere
790 2880 857 2950 pol:
876 2878 912 2934 -ri
930 2880 974 2934 rb.
1026 2886 1041 2934 2
1061 2881 1109 2935 ad-

93 2954 225 3008 movetur
246 2969 292 3023 po.
318 2955 323 3024 l
348 2952 521 3023 eundemque
534 2953 617 3020 ,abal
642 2951 808 3023 psilotihpris
830 2950 905 3019 r(b):
937 2949 1061 3020 spiloiris
1082 2969 1109 3022 p,

94 3023 217 3094 prllotul
233 3041 262 3089 o,
289 3023 333 3094 pia
355 3023 436 3079 lociis
455 3025 472 3078 l.
532 3023 658 3078 tlasere
680 3039 732 3092 pc:
760 3023 863 3076 lassare
882 3022 904 3089 l,
931 3021 1022 3077 lasere
1040 3022 1108 3095 rial

93 3093 267 3165 iiunclxerit
283 3112 308 3150 c.
358 3100 376 3149 4
394 3093 536 3164 gelianum
555 3095 591 3149 lr.
609 3095 613 3162 Ι
630 3096 725 3148 autem
742 3091 854 3148 invenio
868 3093 913 3148 rb.
930 3093 934 3161 Ι
951 3093 1109 3151 semine...

93 3167 163 3237 poto
181 3182 241 3236 epo:
270 3183 364 3222 semen
383 3166 452 3234 (seffi
469 3169 496 3235 c)
518 3206 523 3220 .
543 3207 570 3221 ..
589 3167 658 3235 potia
677 3165 808 3235 peuri).
873 3169 889 3218 6
908 3163 1047 3234 extingui:
1069 3166 1109 3219 sic

92 3239 224 3308 pcipi).
279 3242 295 3291 'l
314 3253 330 3292 e
347 3233 412 3306 pal:
432 3253 499 3292 vero
518 3253 552 3292 ex
570 3237 614 3291 rb.
632 3237 636 3306 l
652 3234 767 3290 adtollit
783 3252 800 3289 v
819 3235 884 3303 (att
901 3237 938 3305 p).
993 3240 1009 3289 8
1028 3234 1110 3289 Meli·

92 3309 152 3364 tios
169 3309 237 3378 pol,
254 3307 382 3363 melicius
402 3308 460 3362 Odo
479 3308 525 3376 (cf.
539 3307 657 3362 Meletos
676 3307 722 3361 Pl.
738 3311 798 3371 28st
817 3321 838 3361 a.
857 3304 971 3362 Miletos
986 3306 1031 3360 ΡΖ.
1049 3307 1107 3360 ind.

93 3381 154 3450 28):
182 3377 282 3434 Melius
305 3395 416 3449 quoque
438 3378 484 3434 rb.
509 3383 514 3446 Ι
539 3377 669 3432 adfirmat
690 3394 719 3432 o:
748 3377 871 3432 affirmat
891 3393 917 3447 p.
972 3383 988 3431 9
1011 3391 1108 3430 runca·

91 3450 200 3506 tionem
211 3451 260 3506 bns
273 3450 478 3506 truncationem
487 3441 554 3518 pol,
568 3447 738 3504 evulsionem
749 3449 785 3504 ab
796 3448 887 3518 (Ode).
925 3454 957 3502 11
969 3449 998 3502 et
1006 3462 1056 3501 om.
1067 3446 1106 3529 oi}

93 3521 302 3592 aliquantulum
320 3522 359 3576 ld.
416 3526 449 3574 12
469 3519 555 3576 etiem
572 3519 617 3574 illi
634 3518 740 3590 vigoris
759 3517 867 3589 stiptici
884 3519 905 3573 t.
924 3520 951 3575 d.
972 3520 977 3589 1
1002 3517 1109 3588 stiptica

92 3593 176 3648 etiam
193 3608 212 3663 p
230 3591 361 3664 (styptici
378 3595 413 3663 c).
651 3617 655 3621 ·
785 3627 787 3632 ·

912 3839 928 3870 sp
