2620 4040
8 19 279 264 s
605 278 647 287 —
695 241 760 306 194
806 276 847 286 —

325 405 400 468 dunt
422 406 535 468 ventris
563 403 702 467 officium.
740 421 777 466 ex
804 404 915 482 quihus
938 422 1042 484 aspera
1064 407 1110 466 ris
1134 423 1240 466 eorum

324 502 355 556 et
377 495 509 574 primum
530 491 611 572 ligno
635 495 741 554 sortita
765 493 1008 573 deprehenditur.
1045 493 1115 554 lolia
1141 501 1240 556 umen

324 582 371 646 vel
402 585 467 662 ipsa
497 599 585 661 poma
614 583 742 644 contrita
774 589 805 650 ct
836 583 966 662 inposita
998 581 1181 662 spleneticos
1211 593 1241 644 et

324 671 504 752 hydropicos
526 670 666 734 adiuvare
685 671 887 734 certissimum
906 677 961 733 cst.
993 671 1104 734 radicis
1123 679 1155 732 et
1174 690 1240 732 cor·

325 762 393 824 ticis
417 759 520 824 cadem
543 761 638 820 virtus
660 758 802 840 hahetur,
826 777 955 839 quorum
974 778 1067 822 sucus
1088 778 1128 822 ex
1148 761 1265 824 melles

326 856 429 912 coctus
451 849 559 912 tussim
582 849 712 929 mitigat,
733 865 802 911 eum
821 867 905 910 mero
929 851 1040 912 mixtus
1063 851 1157 910 iecori
1178 859 1240 910 me

325 938 427 1019 detur,
450 939 579 998 vesicam
601 935 679 998 levat
700 939 788 998 urina
810 936 947 1016 largiore.

390 1137 564 1194 XLVIIII.
597 1139 646 1196 De
669 1138 743 1194 noo.

241 1249 303 1306 Gal·
373 1255 533 1326 ‚Ficorum
566 1264 672 1316 natura
703 1253 881 1317 calidissima
912 1263 971 1336 est,
1001 1255 1053 1316 sed
1086 1255 1167 1335 quod
1202 1257 1238 1316 au

223 1327 414 1425 V¹’⁵⁷¹·poma
440 1347 590 1425 pertineat
616 1345 741 1405 nimium
769 1343 943 1405 recentibus
971 1345 1130 1405 austeritas
1158 1346 1240 1404 inest

325 1441 355 1494 et
378 1434 444 1495 ideo
468 1434 542 1495 tales
566 1433 752 1494 stomachum
774 1432 879 1494 inllant
901 1440 931 1494 et
953 1435 1093 1495 intestina
1115 1441 1238 1512 pertur-
1254 1447 1280 1486 ιο

324 1521 408 1602 hant,
432 1522 547 1583 modice
567 1521 703 1602 quidem,
726 1540 795 1582 nam
817 1523 917 1582 statim
939 1540 994 1601 per
1012 1521 1109 1582 alvum
1132 1520 1240 1582 delluit

324 1612 421 1671 omnis
438 1612 555 1670 iniuria.
595 1629 670 1689 quae
690 1613 781 1690 igitur
805 1612 984 1671 maturiores
1008 1618 1142 1690 sumptae
1167 1619 1240 1672 sunt

324 1717 417 1778 prope
440 1700 586 1759 innocuae
606 1697 772 1761 creduntur
789 1706 819 1760 et
838 1717 949 1778 corpus
968 1701 1011 1760 sic
1030 1700 1120 1760 sicuti
1138 1701 1239 1760 siccae

250 1782 295 1837 Pl.
324 1789 468 1868 saginant.
496 1795 582 1850 antea
596 1787 725 1866 denique
740 1787 867 1848 athletae
882 1789 946 1849 licis
960 1787 1124 1869 alebantur,
1138 1791 1238 1867 prius-

226 1859 412 1957 ²³²⁶³·quam
441 1893 493 1941 cos
520 1875 703 1956 Pythagoras
731 1878 910 1944 exercitatos
942 1877 992 1938 ac
1012 1878 1110 1938 carnis
1138 1893 1278 1958 usum,1⁵

324 1968 377 2046 qui
399 1967 504 2032 fortior
528 1964 613 2026 cihus
637 1973 695 2046 est,
726 1965 935 2029 transtulisset.
973 1967 1069 2028 siccae
1092 1967 1183 2029 tritae
1206 1974 1240 2026 ct
1301 1943 1302 1982 ¹

323 2057 470 2134 inpositae
494 2053 685 2115 vehementes
708 2061 843 2116 tumores
863 2061 914 2118 aut
932 2061 1082 2116 maturant
1104 2062 1158 2116 aut
1178 2054 1238 2116 dis·
1301 2117 1302 2122 ,

248 2324 304 2392 (74)
387 2317 529 2374 Zizilarum
552 2327 647 2376 natura
671 2319 754 2378 calida
777 2329 832 2391 est,
857 2319 1027 2377 stomachum
1049 2327 1178 2396 gravant,
1201 2321 1238 2376 si·

325 2404 372 2460 tim
396 2411 514 2460 movent.
557 2420 637 2480 poma
658 2405 718 2479 ipsa
745 2403 855 2461 difficile
884 2397 1055 2479 digeruntur.
1092 2405 1240 2461 veterrima

323 2487 418 2545 viridia
440 2487 519 2546 facile
542 2489 648 2546 urinam
664 2497 783 2546 movent.
822 2489 886 2545 lolia
902 2492 961 2546 eius
983 2490 1123 2546 tritarum
1144 2491 1239 2564 pomis
1255 2495 1302 2564 rol

324 2589 357 2630 ex
379 2575 441 2630 vino
465 2581 531 2648 pota
552 2573 716 2649 spleneticos
740 2583 768 2631 et
791 2572 955 2649 hydropicos
978 2581 1093 2650 curant.

289 2862 450 2918 loffioium
468 2863 575 2920 ventris
598 2865 642 2919 rb.
667 2866 672 2932 l
696 2878 781 2934 spera
799 2881 823 2920 v.
892 2865 997 2918 thino
1020 2879 1076 2918 ace.
1093 2863 1126 2918 d:
1154 2862 1241 2918 Folia
1301 2861 1302 2930 l

218 2934 300 3005 zinipi
318 2934 365 2989 vel
383 2933 401 2990 i.
420 2952 493 3004 p...
548 2941 564 2989 3
583 2935 629 2990 vel
646 2936 741 3006 pald:
764 2951 814 2990 om.
829 2936 874 2990 rb.
892 2938 895 3004 l
912 2935 1075 3005 spleniticos
1091 2951 1144 3003 po,
1163 2934 1239 3004 sple-
1301 2949 1302 2964 ¹

216 3005 294 3061 nicos
316 3006 361 3060 rh.
426 3005 616 3075 tydropicos
638 3008 715 3076 φα),
742 3005 903 3076 hidropicos
925 3024 978 3070 o.⁴
1014 3005 1169 3064 classim:
1196 3007 1241 3062 sic
1301 2977 1302 3070 l

214 3077 368 3146 pold(rh).
424 3075 580 3147 llcrgiore
597 3093 649 3146 po:
672 3077 710 3132 ·ri
726 3077 764 3131 rh
789 3077 824 3146 (v.
844 3077 928 3134 levat.
953 3075 1064 3132 urinam
1081 3076 1241 3147 largiorem
1301 3073 1302 3102 ¹

216 3147 287 3204 facit
305 3149 357 3218 ld).
408 3154 424 3204 8
443 3147 491 3204 aed
510 3148 585 3218 quod
596 3179 629 3188 »-
642 3149 698 3218 (16)
712 3147 903 3204 transtulisset
916 3165 965 3206 orn.
980 3148 1007 3203 d.
1058 3153 1074 3203 9
1092 3148 1241 3219 pertineat

214 3220 280 3289 pol:
305 3221 365 3274 -uet
387 3220 431 3274 rh.
488 3223 521 3272 12
544 3219 709 3276 mattuiores
728 3221 857 3289 sumptae
876 3263 882 3274 .
899 3261 905 3274 .
921 3256 927 3272 .
946 3221 1082 3274 innocuae
1101 3220 1153 3274 rh:
1176 3237 1238 3274 mar

214 3291 323 3348 tuciora
345 3291 459 3360 sumpte
478 3331 484 3344 .
504 3332 511 3346 .
531 3331 537 3344 .
556 3291 678 3346 innocus
699 3291 753 3360 pol
781 3292 843 3359 (aed
864 3304 928 3346 moa
955 3289 1046 3347 siccae
1070 3293 1186 3360 omncs).
1301 3305 1302 3334 t

216 3369 249 3417 13
266 3365 295 3418 et
308 3359 339 3416 in
353 3378 452 3432 corpus
467 3363 521 3430 pol
539 3360 579 3430 (in
592 3377 643 3416 orn.
657 3363 713 3430 rh).
730 3365 734 3430 Ι
755 3361 795 3416 sic
810 3361 894 3418 sicuti
907 3362 991 3432 (sicut
1000 3365 1033 3432 l):
1047 3363 1088 3418 sic
1100 3362 1238 3430 cuthb).
1301 3355 1302 3418 l

252 3440 286 3488 14
304 3434 396 3488 Antea
415 3432 442 3490 d.
461 3431 568 3504 athlatp
588 3433 673 3503 (tel)
691 3435 758 3504 pol:
778 3432 898 3503 deniquo
918 3434 1042 3490 athletae
1061 3435 1148 3488 antea
1166 3433 1214 3488 rb.
1233 3433 1237 3504 l

214 3529 275 3584 ficis
297 3545 348 3584 om.
367 3530 390 3594 l,
416 3529 466 3597 qui
487 3529 598 3597 serpsit
618 3530 727 3586 athlete
751 3505 929 3586 hletahantur
957 3533 1053 3602 (supro
1072 3531 1136 3586 add.
1156 3529 1188 3599 1).

216 3605 250 3652 15
270 3602 423 3667 pytagoras
440 3615 487 3668 po.
