2620 4040
596 215 930 286 -192—'

313 387 410 448 alvum
443 404 563 448 movere
596 384 676 464 quod
708 386 768 445 sint
801 385 964 466 strictiora,
995 384 1120 464 hispana
1150 404 1221 447 vero

231 471 294 526 Gal·
313 477 381 556 plus
404 475 517 537 solvere
542 475 621 555 quod
650 475 709 534 sint
735 472 876 534 dulciora.
917 473 996 534 idem
1020 492 1057 534 ex
1084 474 1223 535 omnibus

210 548 418 645 illm-prunis
441 582 516 645 quae
536 556 646 623 maiora
665 569 695 623 et
718 561 793 622 elata
812 571 896 642 sunt,
919 580 953 622 ea
976 562 1097 623 demum
1119 571 1222 624 tenera

313 662 344 715 et
365 654 524 732 digestioni
546 651 677 711 faciliora
700 657 731 710 et
753 651 850 712 ventri
872 649 1031 714 molliendo
1055 651 1222 712 adcommo-

313 742 379 803 data
407 742 583 822 praesumit,
615 738 781 801 minoribus
809 741 907 800 omnia
937 742 1042 800 inesse.
1064 743 1250 801 contradas

313 838 412 892 estet
439 829 555 909 agreste
582 846 714 907 prunum
742 829 916 888 austerioris
945 829 1138 908 fortiorisque
1162 831 1221 890 rir-

313 922 394 980 tutis.
423 919 480 979 hoc
499 920 612 978 siccum
633 918 722 977 etiam
745 924 862 977 veteres
880 916 1084 996 dysentericos
1103 925 1223 978 certum

314 1016 359 1069 est
382 1007 528 1068 adiuvare.
564 1007 677 1085 gummi
695 1005 784 1066 huius
804 1004 919 1066 arboris
938 1022 1007 1066 cum
1025 1007 1092 1066 vino
1116 1015 1224 1086 potum

313 1095 441 1158 calculos
474 1096 595 1175 frangit,
628 1112 697 1155 cum
728 1102 813 1155 aceto
845 1095 949 1178 tritum
981 1102 1071 1174 atque
1102 1094 1224 1155 inlitum

233 1181 290 1249 (Pl,
313 1184 445 1247 lichenas
472 1185 583 1264 optime
615 1189 730 1262 purgat.
776 1200 851 1261 aqua
880 1184 912 1242 in
945 1200 1002 1261 qua
1028 1185 1120 1262 pruni
1151 1183 1223 1244 lolia
1238 1197 1265 1236 1⁰

216 1255 436 1335 ²³2sslldeoocoa
463 1281 534 1335 sunt
561 1273 693 1352 gingivas
716 1279 747 1332 et
773 1283 859 1332 uvam
886 1273 1017 1351 itemque
1041 1269 1157 1332 toxillas
1186 1271 1223 1332 ab

312 1364 393 1424 omni
420 1361 541 1441 querela
569 1379 621 1420 ore
649 1358 815 1421 conluendo
841 1359 986 1441 defendit,
1018 1359 1071 1420 sed
1098 1363 1128 1420 in
1152 1363 1223 1422 rino

313 1451 435 1512 decocta
453 1449 657 1510 vehementius
675 1457 810 1527 prosunt.
843 1449 958 1509 radices
972 1450 1102 1528 itemque
1118 1457 1222 1510 cortex

313 1537 437 1599 eandem
464 1545 598 1618 stypseos
629 1536 740 1597 habent
770 1545 948 1616 potestatem
976 1555 1051 1616 quae
1083 1539 1115 1597 in
1141 1537 1224 1598 loliis

314 1627 475 1686 constituta
498 1632 553 1685 est.
1240 1639 1266 1679 15

379 1826 516 1882 XLVII.
547 1827 596 1882 De
618 1825 772 1896 mespilo.
1300 1851 1301 1884 t

380 1943 495 2024 Mespili
518 1943 656 2006 arborem
678 1943 866 2004 Dioscorides
890 1951 1049 2006 contentus
1071 1953 1223 2024 agrestem

231 2029 294 2085 Gal·
314 2035 481 2094 nominasse
509 2035 672 2112 praeteriit.
709 2032 765 2093 hoc
793 2041 909 2093 tantum
938 2033 1112 2094 adseverant
1139 2033 1223 2115 quod
1300 2031 1301 2108 ᾗ

206 2107 400 2200 ¹¹¹¹⁷²·poma
427 2124 492 2183 eius
520 2129 551 2182 et
577 2121 646 2182 lolia
673 2123 783 2182 virtute
811 2139 871 2181 non
899 2120 1078 2203 discrepent.
1114 2121 1168 2183 sed
1192 2133 1225 2184 et

313 2211 407 2270 ceteri
430 2209 613 2292 diligentius,
637 2211 688 2289 qui
707 2216 738 2270 et
756 2207 930 2272 vocabulum
952 2211 1017 2271 eius
1041 2210 1119 2272 aliud
1139 2211 1223 2272 addi-

225 2447 280 2515 (72)
377 2439 460 2496 Pruni
481 2455 591 2518 pomum
613 2457 709 2497 recens
731 2449 852 2496 ventrem
868 2440 966 2512 solvit,
990 2441 1133 2498 stomacho
1157 2459 1225 2500 con·
1240 2455 1267 2494 ao

315 2525 426 2581 tranium
455 2523 598 2580 iudicatur.
637 2526 708 2582 sicca
736 2541 792 2581 uon
820 2531 924 2581 tautum
946 2525 1168 2599 molestasset,
1195 2529 1225 2582 iu

313 2609 399 2666 mulsa
422 2616 498 2666 cocta
521 2609 609 2665 alvum
632 2617 814 2666 commovent.
874 2615 876 2620 ’
911 2649 921 2659 .

279 2862 436 2932 lhyspana
449 2864 467 2918 t.
513 2863 622 2918 21dem
636 2880 666 2933 y:
685 2864 757 2919 Item
770 2865 788 2920 l.
834 2865 1005 2933 taooom(co
1019 2864 1224 2936 mmodotagv.
1300 2907 1301 2932 q

242 2933 372 2987 comnia
388 2949 439 3003 qo:
463 2949 513 2989 om.
532 2934 550 2988 Ι.
614 2936 757 2991 ireteres
775 2933 959 3004 dlsyntericos
980 2935 1178 3005 (dysintericos
1194 2941 1224 3006 o)
1300 2935 1301 3004 l

205 3019 257 3072 go:
276 3003 460 3072 dysintericos
478 3005 587 3060 veteres
605 3005 623 3061 Ι.
679 3011 713 3060 10
731 3005 856 3062 lichenas
875 3007 934 3075 (sic)
952 3022 996 3075 oo.
1054 3012 1086 3060 11
1107 3007 1225 3063 toxillas
1300 3007 1301 3018 ¹

206 3074 267 3144 (cic)
289 3075 355 3143 gol:
383 3075 511 3130 tonsillas
540 3075 616 3132 Plio.
702 3081 735 3130 12
759 3076 885 3146 querella
905 3093 932 3147 g.
961 3079 965 3146 Ι
995 3093 1042 3132 ore
1064 3077 1225 3134 conluendo

207 3143 336 3213 (cluendo
346 3147 372 3213 o)
382 3162 433 3215 oo:
453 3162 502 3201 ora
516 3147 591 3216 (orae)
606 3146 753 3202 colluendo
767 3149 778 3202 l
791 3147 916 3216 (conluto
929 3162 977 3203 ore
987 3147 1053 3218 Pu).
1100 3153 1135 3202 14
1143 3151 1225 3220 styp-

130 3234 133 3239 ·
205 3219 266 3271 teos
284 3231 335 3286 qo,
354 3217 471 3286 stiptcos
489 3218 507 3271 l.
533 3220 537 3286 Ι
562 3217 649 3272 habet
666 3219 711 3288 ql,
734 3218 791 3274 hat
808 3235 834 3274 o.
898 3223 931 3273 17
950 3216 1099 3288 proeteriit
1115 3221 1174 3289 (sed
1186 3222 1223 3288 cf.

205 3285 243 3341 D.
264 3289 528 3358 1‚1691).ttantum
545 3290 613 3358 gela
631 3289 811 3360 tumendo!
831 3289 1035 3360 ad<s)sererant
1049 3291 1150 3362 9(ri›)=
1173 3293 1225 3346 od·

206 3375 335 3414 severans
353 3375 384 3426 o,
407 3375 567 3414 asseverans
586 3361 604 3415 l.
636 3361 777 3416 maeret
795 3365 886 3416 auten
904 3359 1039 3430 Galeam
1062 3377 1120 3416 oon
1137 3363 1225 3419 Dios·

206 3430 322 3496 coriolos,
349 3430 423 3483 orode
445 3431 668 3498 coapostolatus
695 3431 829 3501 quaedam
850 3431 980 3486 videatur
1005 3432 1185 3490 intercidisse.
1300 3431 1301 3452 ¹

207 3504 240 3552 19
249 3499 349 3622 leeteri:
363 3500 410 3623 eqd
418 3500 490 3555 idem
498 3501 597 3556 debead
606 3505 630 3556 ct
640 3501 703 3558 Gal.
714 3507 740 3558 et
748 3502 841 3560 Dicae.
858 3503 862 3572 l
878 3501 1046 3558 addiderunt
1057 3503 1224 3576 (eddidefv)

206 3583 272 3634 go:
300 3585 404 3623 rer.
