2610 4040
577 226 795 312 eoo-

330 399 455 462 30,64..
499 435 506 449 .
552 435 559 450 .
606 435 613 449 .
659 436 666 449 .
713 435 719 448 .
782 386 1047 450 defunctosobrui
1065 395 1200 467 oportet.

330 489 417 564 aopi.
445 476 664 559 vespertilionis
673 478 816 556 sanguine
831 472 901 556 (si)
915 485 1019 538 venter
1029 483 1200 559 contactuS,

444 567 476 626 in
490 573 587 628 totum
601 584 715 627 annum
726 566 867 627 caventur
876 567 947 627 vitia
961 567 1199 628 interaneorum.

312 664 417 730 28,211.
446 673 556 716 cornus
575 657 688 715 cervini
705 656 802 716 teneri
820 655 895 714 cinis
914 672 983 715 cum
1002 653 1110 715 cocleis
1124 655 1201 715 afri-

290 737 291 742 ’
446 745 528 803 canis
551 761 620 803 cum
642 750 719 804 testa
737 758 795 804 ‘sua
818 745 894 804 tusis
917 745 1027 805 mixtus
1050 742 1137 804 datur
1163 745 1224 804 ina

356 835 371 870 *
444 833 565 911 potione
588 833 656 893 vini.
693 832 763 892 lacit
790 833 900 913 optime
925 831 961 892 ad
989 831 1088 893 colum
1109 834 1197 913 potio

445 921 531 981 cuius
563 921 808 1001 compositionem
839 919 1014 981 tradidimus
1046 922 1077 981 in
1106 938 1195 1001 prae·

250 1055 378 1110 aventer
390 1057 537 1112 contactus
549 1072 580 1127 y,
594 1057 692 1112 venter
710 1057 803 1110 tectus
821 1056 853 1110 d:
881 1055 1010 1110 contacto
1029 1057 1126 1111 ventre
1146 1056 1195 1113 Pl.

177 1124 288 1194 (addidi
302 1123 345 1195 si).
395 1132 412 1180 4
430 1126 536 1183 cervini
548 1127 600 1197 pb:
620 1125 696 1182 cervi
709 1127 736 1183 d.
753 1129 757 1195 Ι
777 1127 842 1182 baec
856 1126 913 1183 colo
926 1127 1067 1182 mmmm
1079 1141 1128 1182 sec.
1146 1127 1194 1182 Pl.

214 1202 230 1250 c
249 1194 328 1268 pono
347 1197 384 1252 aa
403 1197 496 1254 corum
513 1199 540 1254 a.
1286 1192 1287 1250 l

315 1441 407 1502 20,109
443 1436 526 1495 etad
553 1437 666 1510 cyathos
694 1435 763 1493 dnos
790 1437 868 1511 potui
894 1435 984 1492 datur.
1020 1434 1194 1491 radinsirni·
1288 1426 1289 1492 l

189 1509 329 1580 (Morcp.
340 1513 407 1581 1⁷3l·
444 1519 508 1576 liter
529 1522 651 1595 asparagi
673 1521 736 1577 trita
760 1528 787 1577 ct
809 1522 836 1577 in
860 1521 921 1577 vino
944 1521 1023 1594 potui
1044 1518 1104 1574 data
1122 1518 1193 1576 lum·
1289 1542 1290 1586 y

403 1600 406 1607 '
443 1603 540 1660 borum
563 1604 652 1661 dolori
674 1604 808 1663 medetur.
843 1599 1018 1682 [cataplasma
1033 1603 1066 1660 ad
1087 1598 1189 1680 idem:]
1208 1612 1235 1651 1⁰

306 1693 406 1756 aulae.
443 1691 608 1746 nasturtium
635 1705 696 1746 cum
724 1689 833 1763 polenta
861 1688 975 1761 teritur,
1005 1687 1121 1746 calidum
1143 1688 1193 1744 im·

296 1769 364 1841 *(?)
443 1774 563 1846 ponitur.
602 1773 705 1831 reculae
728 1773 819 1830 viridis
846 1772 912 1830 lolia
940 1773 1052 1830 tritaet
1079 1773 1108 1828 in
1131 1772 1192 1828 vino
1291 1774 1292 1802 v

330 1862 405 1924 2232
445 1858 527 1914 mixta
548 1863 576 1914 at
597 1858 723 1932 imposita
745 1855 856 1915 mirifice
874 1865 979 1916 sanant.
1016 1857 1077 1913 lana
1098 1855 1194 1914 sucida
1292 1892 1293 1918 v

189 1931 328 2002 (ΜΜΜλ
340 1937 409 2004 171).
443 1943 473 1998 in
496 1942 557 2000 oleo
579 1943 639 2017 pice
661 1940 763 2016 liquida
778 1942 909 2017 sulphure
930 1943 990 1999 vivo
1013 1943 1084 1997 nitro
1108 1942 1191 1998 attico
1293 2008 1294 2030 χ

443 2026 596 2084 fervefactis
612 2029 725 2083 intincta
748 2042 829 2100 quam
843 2024 903 2083 fieri
924 2034 1016 2101 potest
1031 2025 1192 2084 calidissima
1207 2028 1233 2068 1⁵

305 2113 406 2182 antra.
443 2108 535 2167 bisin
563 2110 606 2167 die
628 2111 749 2184 ponitur.
785 2110 904 2184 sulphur
927 2113 1016 2167 vivum
1042 2111 1192 2186 imponitur

443 2210 504 2251 cum
526 2195 614 2269 adipe.

516 2326 720 2400 (Renibus.)

306 2425 408 2490 20357.
507 2419 589 2478 lladix
608 2420 718 2490 feniculi
732 2439 794 2480 cum
811 2424 895 2479 tisana
910 2421 1022 2479 decocta
1037 2429 1064 2478 et
1084 2422 1114 2478 in
1129 2421 1191 2480 cibo

444 2505 506 2566 data
520 2521 616 2563 renum
631 2505 778 2563 densitates
793 2507 909 2580 relaxat,
932 2515 960 2563 et
981 2505 1101 2563 eiusdem
1121 2507 1193 2564 radi·

444 2593 483 2649 cis
505 2607 587 2648 sucus
603 2590 636 2647 ad
658 2592 772 2667 cyathos
795 2591 864 2648 duos
879 2591 908 2646 in
929 2592 991 2648 vino
1009 2592 1087 2666 potui
1111 2591 1191 2650 datus
1207 2597 1234 2637 2⁰

133 2737 135 2740 .
294 2669 365 2744 *(?)
444 2675 602 2733 mirabiliter
628 2677 691 2733 vitia
717 2683 803 2734 sanat.
847 2677 951 2733 urticae
977 2691 1070 2732 semen
1097 2677 1193 2732 tritum

176 2749 407 2884 &Mam-178.
444 2777 477 2816 ei
498 2761 553 2817 vini
575 2761 679 2835 cyathis
701 2761 788 2820 tribus
810 2758 921 2818 bibitur.
959 2761 1108 2816 vettonicae
1130 2759 1193 2834 pul·

207 2817 409 2885 ·Pl·2⁶²³²·4⁸·l
445 2845 515 2900 veris
527 2844 629 2902 denarii
643 2845 699 2903 duo
711 2864 743 2904 ev
754 2845 858 2904 mulsae
867 2845 972 2920 cyathis
982 2841 1069 2900 tribus
1084 2841 1192 2901 febrici-

274 2965 277 2972 .
316 2931 408 2994 20,109
446 2926 563 2984 lantibus
579 2946 639 2986 cum
655 2947 726 3006 aqua
746 2930 830 2987 calida
846 2931 1035 3005 propinantur.
1065 2928 1193 3005 asparagi

190 3001 408 3072 (maranus).
444 3011 519 3069 radix
543 3015 640 3071 teritur
655 3023 683 3072 et
704 3033 737 3073 cx
753 3031 782 3071 ea
805 3014 907 3071 denarii
930 3021 984 3070 tres
1007 3014 1109 3071 arvini
1129 3030 1191 3088 cya-
1207 3011 1233 3053 ²⁵

177 3087 317 3160 (ΜΜΡ.
332 3090 408 3157 ¹⁷9)?
445 3095 500 3155 this
523 3096 610 3155 tribus
625 3102 703 3174 potui
725 3100 825 3156 dantur
847 3097 979 3174 proficue.
1015 3099 1094 3156 ocimi
1108 3115 1193 3156 sucus

442 3184 551 3258 saepius
574 3181 674 3240 bibitus
696 3201 793 3242 renum
814 3185 877 3241 vitia
900 3182 1024 3241 emendat
1051 3223 1190 3242 .....

233 3301 265 3351 11
286 3295 423 3353 calidumz
448 3314 483 3354 ex
501 3298 581 3353 aceto
601 3296 693 3353 calido
712 3298 751 3353 M
771 3300 846 3367 (cum
863 3298 980 3368 polenta
997 3312 1031 3351 ex
1049 3296 1131 3352 aceto
1150 3294 1192 3352 in·

177 3366 277 3424 linitur
296 3367 361 3439 Pl).
440 3375 473 3423 15
492 3367 663 3424 ferventibus
680 3368 725 3425 his
744 3370 782 3424 M
802 3367 1032 3438 (fervescentibus
1053 3367 1119 3438 Pl).

179 3444 213 3493 19
236 3455 317 3495 renes
339 3457 359 3510 p
430 3441 445 3495 t
467 3438 512 3494 Pl.
539 3439 574 3507 cf.
600 3440 689 3497 Mart.
712 3457 734 3497 c.
759 3445 806 3522 ²⁵5
834 3439 916 3522 radix
936 3439 968 3494 in
989 3437 1103 3509 ptisana
1124 3437 1195 3494 dete

176 3454 609 3636 {faldonemmffpptpitceemfu
639 3517 673 3566 22
712 3512 829 3568 ulvens:
848 3512 934 3566 tntae
953 3510 997 3564 M.
1069 3515 1105 3564 26
1124 3525 1150 3564 o.
1169 3528 1193 3564 s.

308 3597 396 3650 grana
466 3598 481 3634 r
536 3598 565 3636 m
609 3601 655 3637 sus
702 3623 709 3638 .
