2610 4040
194 891 380 969 Frequenter
413 889 485 952 mihi
522 893 553 952 in
585 891 875 972 peregrinationibus

127 979 235 1042 accidit
262 987 296 1040 ut
323 987 374 1040 aut
400 987 523 1059 propter
551 998 646 1042 meam
674 989 724 1041 aut
751 991 874 1063 propter

9 1093 10 1096 ¹
127 1086 263 1130 meorum
290 1068 491 1129 infirmitatem
518 1071 613 1130 varias
641 1070 760 1132 fraudes
783 1071 874 1132 medi-

128 1175 232 1218 corum
269 1158 486 1238 experiscerer,
523 1157 699 1238 quibusdam
734 1159 874 1220 vilissima

101 1257 114 1294 5
128 1246 259 1308 remedia
272 1245 444 1324 ingentibus
462 1248 568 1325 pretiis
582 1245 792 1328 vendentibus,
812 1247 875 1311 aliis

129 1355 163 1396 ea
183 1353 257 1414 quae
277 1352 382 1395 curare
399 1333 575 1396 ¹nesciebant
597 1335 767 1414 cupiditatis
786 1353 875 1396 causa

128 1422 368 1503 suscipientibus
406 1423 551 1504 quosdam
572 1442 642 1484 vero
664 1427 797 1504 comperi
817 1424 875 1485 boc

128 1531 237 1592 genere
256 1514 384 1590 grassari
398 1519 433 1572 ut
445 1511 604 1592 languores
619 1515 670 1592 qui
687 1515 874 1593 paucissimis

128 1600 234 1664 diebus
257 1601 303 1660 vel
331 1603 419 1662 etiam
446 1599 529 1662 boris
551 1609 675 1681 possent
697 1601 814 1683 repelli,
843 1605 875 1662 in

88 1701 113 1739 10
127 1690 249 1769 longum
276 1697 393 1769 tempus
422 1689 623 1771 extraherent,
652 1699 686 1752 ut
713 1698 742 1752 et
771 1709 875 1770 aegros

128 1798 199 1840 suos
228 1777 279 1839 diu
305 1781 335 1838 in
364 1779 462 1839 reditu
490 1778 635 1840 haberent
667 1781 874 1858 saevioresque

128 1870 201 1948 ipsis
224 1866 336 1928 morbis
359 1869 530 1928 existerent.
562 1875 750 1947 ,quapropter
772 1886 874 1928 neces-

128 1958 240 2020 sarium
269 1954 341 2018 mibi
364 1958 460 2016 visum
483 1964 529 2016 est
557 1964 590 2017 ut
608 1955 748 2036 'undique
772 1955 874 2017 valitu·
906 2027 910 2033 ¹

128 2045 207 2106 dinis
225 2045 332 2106 auxilia
351 2043 558 2106 contraherem
577 2052 606 2106 et
625 2045 706 2106 velut
728 2043 875 2111 breviario

88 2146 113 2184 1⁵
128 2134 313 2215 colligerem,
336 2141 370 2194 ut
389 2151 576 2212 quocumque
595 2135 743 2195 venissem
756 2152 875 2213 possem

129 2222 274 2284 eiusmodi
304 2222 426 2283 iusidias
453 2223 545 2282 vitare
574 2230 603 2283 et
626 2222 681 2282 hac
709 2222 816 2290 fiducia
839 2241 875 2282 ex

113 2311 187 2395 'hoe
206 2319 339 2391 tempore
358 2312 416 2371 iter
439 2310 555 2389 ingredi
574 2319 608 2372 ut
631 2312 735 2392 sciam,
759 2313 785 2371 si
809 2313 879 2389 quis

127 2399 201 2460 mihi
229 2398 353 2478 languor
380 2397 532 2482 inciderit,
563 2418 621 2459 non
650 2400 782 2460 tacturos
809 2398 875 2458 illos

128 2508 165 2548 ex
193 2503 240 2547 me
268 2487 398 2550 reditum
422 2505 477 2548 nec
506 2495 657 2568 taxaturos
680 2489 874 2548 occasionem.

6 2605 7 2608 ¹
87 2589 114 2628 20
196 2576 272 2637 Ante
304 2578 403 2636 omnia
434 2585 532 2640 autem
568 2584 641 2656 puto
673 2579 705 2638 iu
735 2583 873 2656 promptu

127 2663 263 2725 habenda
286 2674 361 2744 quae
385 2663 483 2725 subito
511 2665 676 2726 desiderata
705 2663 877 2724 difficillima

128 2753 267 2814 videntur
290 2755 425 2836 inventu,
448 2755 525 2814 sicut
548 2753 646 2814 oleum
667 2760 759 2814 vetus.
796 2752 875 2831 quod
906 2753 1082 2824 Pltn.23,82‚
1108 2782 1110 2786 f

201 2947 226 2996 3.
245 2960 271 2999 v.
290 2941 463 2998 medicorum
480 2941 593 2997 fraudes
611 2943 638 2996 d.
720 2940 942 3011 terporiecerer
959 2941 1035 3011 pdb:
1064 2941 1144 2996 -rirer

127 3014 274 3082 r(Mare.)
348 3018 364 3066 5
383 3012 446 3068 aliis
466 3029 585 3082 eaquae
600 3030 622 3068 c.
637 3012 801 3068 nesciebant
818 3013 860 3082 qd
869 3012 999 3082 (March
1018 3011 1082 3066 aliis
1097 3029 1144 3068 ees

128 3101 152 3138 e.
173 3083 254 3151 (alite
273 3100 296 3140 o.
316 3084 343 3154 b)
361 3083 547 3138 nescientibus
560 3085 605 3139 rb.
670 3085 733 3139 8ut
746 3099 796 3139 om.
811 3083 856 3138 rb.
893 3138 895 3144 ,
920 3085 940 3137 ’9
959 3084 993 3137 ut
1009 3082 1040 3137 in
1053 3084 1097 3138 rb.

130 3161 164 3210 10
179 3155 377 3224 protraherent
389 3156 426 3210 rb
441 3155 596 3224 (traherent
615 3155 718 3223 Maec.)
735 3155 739 3226 Ι
755 3157 788 3210 ut
807 3156 836 3208 et
855 3154 983 3226 (Merop
1005 3156 1033 3209 et
1051 3155 1143 3224 pert.

130 3233 163 3280 13
183 3227 216 3280 ut
233 3241 283 3280 oen.
302 3226 474 3296 rb(More.).
547 3232 581 3280 14
600 3226 793 3281 contraherem
811 3225 855 3295 qd
872 3227 927 3290 (-re
942 3225 1060 3295 March:
1080 3241 1144 3281 eon·

130 3299 239 3352 struere
252 3297 297 3351 rb.
323 3297 327 3367 1
353 3296 522 3352 breviarium
540 3297 636 3365 ebtin
655 3295 825 3352 breviarium
845 3297 957 3366 Marci
1014 3302 1046 3351 15
1067 3295 1144 3352 oolli-

130 3383 197 3438 gere
215 3368 386 3438 rb(Marc.).
412 3370 416 3435 l
441 3368 484 3422 uti
501 3368 547 3422 rb.
620 3374 652 3422 16
670 3366 833 3422 huiusmodi
851 3368 896 3422 rb.
922 3369 926 3434 Ι
952 3383 975 3422 e.
994 3366 1084 3422 vitare
1102 3367 1144 3422 in-

130 3437 215 3494 sidias
234 3439 261 3492 d.
318 3443 350 3493 17
369 3437 425 3493 iter
438 3439 614 3509 emerant:
633 3454 683 3494 om.
697 3439 747 3509 gd.
803 3443 835 3492 18
855 3457 882 3507 q.
900 3439 1021 3509 languor
1033 3436 1103 3492 mihi
1117 3437 1144 3493 cl.

131 3514 165 3564 19
191 3525 225 3563 ex
243 3526 288 3564 me
306 3509 429 3564 reditum
446 3511 489 3580 pet
502 3505 631 3579 (Morbp
655 3509 692 3564 ad
709 3527 754 3565 me
772 3508 882 3564 editum
900 3510 944 3565 rb.
971 3511 975 3577 Ι
999 3510 1144 3573 taxatums

129 3580 310 3650 ydtMarep
329 3582 463 3650 capturos
481 3581 525 3636 rb.
599 3586 632 3634 22
652 3579 768 3635 inventu
786 3581 915 3649 (Merop
935 3595 985 3634 om.
1003 3579 1094 3648 pdrh.
