2620 4030
481 227 700 291 *83-

84 386 179 448 surina
197 403 233 446 ex
247 388 315 448 vino
329 389 467 470 imposita
480 389 697 452 carbunculum
711 394 832 472 rumpit.

83 474 163 536 idem
189 482 342 554 praestant
369 483 400 536 et
426 475 521 556 lupini
550 480 623 541 triti.
665 479 754 542 timus
781 499 831 560 pe·
859 493 964 556 tutos.
992 496 1097 559 cosor.

82 563 169 626 cudis
200 564 412 644 incipientibus
442 565 632 628 carbunculis
659 570 830 648 imponitur.

81 653 157 714 lictu
181 655 276 714 siccae
302 655 335 716 in
357 655 426 714 vino
448 654 588 718 decoctae
617 665 668 718 aut
690 659 777 720 tritae
800 667 831 720 et
859 671 963 733 astat.

53 741 262 804 soonlricatac
286 741 453 806 ornabunt.
480 762 573 806 nuces
596 745 750 825 iuglandes
761 765 830 826 per·
858 759 963 822 autes.

80 837 200 892 veteres
227 833 314 892 tritae
346 833 502 911 impositae
529 830 739 915 <medentur>.
780 839 831 916 pix
858 848 944 911 2498.

79 919 185 980 brittia
202 937 271 980 cum
289 938 345 981 uva
358 939 445 1000 passa
464 921 591 1002 demptis
605 923 719 986 nucleis
732 924 831 988 addita

79 1010 208 1087 mungia
234 1015 349 1088 purgat.
390 1009 482 1070 herba
510 1010 611 1073 sabina
639 1030 714 1091 quae
741 1013 832 1076 babet
858 1025 962 1088 24909.

79 1097 151 1158 lolia
175 1096 280 1159 similia
303 1115 446 1178 cupresso
472 1117 543 1161 cum
570 1099 658 1160 melle
685 1101 829 1164 inlinitur.

41 1205 65 1242 ιι
79 1183 242 1248 cerebrum
268 1189 331 1248 suis
358 1187 485 1249 feminae
513 1196 632 1249 coctum
659 1198 689 1250 ct
719 1197 831 1252 tostum
858 1202 961 1265 teste.

77 1277 252 1354 imponitur.

146 1475 257 1532 vnn.
281 1478 336 1534 Ao
358 1478 526 1534 ambusto.

147 1593 250 1656 Fims
277 1597 376 1656 ovium
404 1614 472 1658 eum
502 1614 571 1657 cera
599 1595 743 1658 ambustis
774 1599 827 1657 im·
856 1605 952 1670 30,109
972 1602 1032 1670 (om.
1052 1605 1078 1671 r)

77 1685 211 1763 ponitur.
257 1685 354 1745 canini
386 1687 490 1764 capitis
527 1686 610 1762 cinis.
661 1685 829 1748 coclearum
891 1689 926 1744 r'b.
964 1690 1000 1745 ib.

77 1774 155 1834 cinis
193 1790 230 1832 ex
262 1772 326 1833 oleo
364 1772 508 1834 inlinitur.
559 1773 649 1854 adeps
682 1777 827 1835 verrinus.
855 1785 959 1848 30909.

40 1877 63 1914 1⁵
77 1862 140 1922 timi
163 1860 326 1922 columbini
349 1864 424 1922 cinis
447 1881 483 1923 er
506 1862 571 1922 oleo
598 1862 742 1924 inlinitur.
779 1882 826 1942 ga·
855 1863 891 1918 rb.
921 1870 1009 1934 eust.

76 1969 146 2012 rum
165 1949 334 2012 infunditur
357 1969 412 2012 nec
436 1953 613 2013 nominatur.
651 1969 827 2013 cancrorum
856 1961 898 2025 32,
902 1962 961 2012 119.

76 2041 263 2100 marinorum
300 2039 345 2100 vel
380 2039 542 2102 fluvialium
576 2042 651 2100 cinis
684 2058 720 2100 ex
752 2039 826 2100 cleo.

76 2127 185 2189 bordei
208 2129 283 2188 cinis
302 2131 459 2208 spargitur
496 2127 561 2188 lens
584 2147 620 2188 ex
640 2146 716 2208 aqua
739 2130 826 2190 semi·
854 2135 887 2184 22
890 2136 952 2200 184
970 2132 1030 2200 (om
1049 2133 1076 2200 r)

76 2223 163 2278 cocta
187 2217 362 2296 imponitur:
385 2217 566 2296 procedente
585 2219 738 2279 curatione
761 2217 827 2278 lens
854 2207 887 2255 ²²
890 2206 960 2269 ¹4⁶

39 2318 63 2358 20
77 2305 173 2366 cruda
205 2306 314 2366 teritur
341 2314 372 2367 et
405 2304 554 2366 cribratur
582 2307 737 2386 eiectoque
765 2307 825 2368 lur-

75 2395 144 2455 lurc
174 2395 313 2472 coquitur
336 2401 367 2455 et
390 2396 432 2454 sic
462 2387 638 2478 imponitur,
667 2397 826 2456 novissime

76 2501 111 2543 eo
136 2481 198 2543 mel
216 2479 341 2543 additur.
378 2485 446 2543 vitis
465 2490 568 2544 cortex
587 2481 774 2545 comburitur
797 2492 828 2545 et
853 2493 923 2556 aas.

76 2573 153 2631 cinis
175 2573 242 2632 eius
261 2589 297 2631 ex
316 2570 381 2631 oleo
404 2571 553 2633 inlinitur:
576 2580 607 2633 et
624 2571 701 2652 pilos
719 2571 825 2632 reddit.

75 2659 202 2740 prodest
220 2657 363 2720 ambustis
381 2659 465 2721 inlita
484 2659 549 2720 laer
569 2662 629 2720 vini
648 2663 709 2720 sive
729 2677 824 2740 sapae.
852 2669 939 2733 2398.

38 2761 61 2800 21·
75 2747 223 2810 olivarum
254 2766 358 2810 carnes
388 2756 528 2810 teruntur
560 2756 591 2809 et
621 2750 824 2829 imponuntur.
852 2757 940 2822 nutu.

144 3007 683 3079 eueonffieeuepe2oeo(1³t..)
708 3011 822 3078 {nucea
844 3006 992 3077 iuglandes
1011 3007 1093 3076 (Pr).

74 3077 171 3134 nuclei
186 3077 307 3149 glandes
325 3081 404 3148 disc,
421 3079 515 3135 nuclei
531 3077 704 3150 grandesp,
726 3095 812 3134 nuces
830 3079 888 3134 sive
911 3077 1029 3160 glandes
1043 3079 1092 3135 rb

110 3151 179 3206 (tet
186 3097 372 3220 imposibed.
394 3154 398 3220 Ι
423 3150 570 3206 medentur
587 3151 738 3208 addidere
755 3149 803 3206 Pl.
868 3147 1002 3205 'tbribbia
1019 3149 1091 3220 prb.

72 3220 214 3276 brieiad
240 3223 244 3290 Ι
268 3220 362 3276 nuclei
383 3223 443 3292 (sie)
469 3237 495 3291 9,
568 3221 728 3292 sexnngia
753 3237 780 3304 9.
853 3218 963 3276 ufolie
988 3219 1094 3278 similis

72 3291 232 3362 (simillima
249 3292 296 3362 rb)
320 3308 450 3376 cupresso
464 3293 538 3376 prb·
561 3291 632 3348 lolia
650 3307 774 3362 cupream
791 3292 818 3348 d
892 3297 926 3346 10
943 3291 1049 3348 remim
1065 3308 1090 3362 9.

109 3369 148 3418 14
164 3363 292 3418 cernuus
309 3365 381 3433 prb:
401 3363 543 3434 viperinus
564 3363 619 3431 Pe,
637 3363 784 3420 urrinnsd
803 3363 853 3430 (ef.
874 3363 920 3418 Pl
935 3364 1084 3444 428236b

73 3440 107 3490 15
119 3433 254 3490 ulmeus
267 3435 364 3506 (simp
403 3441 436 3492 18
430 3382 604 3490 promiscere
616 3436 676 3490 drb
687 3435 768 3504 (Pl).
783 3436 865 3489 coctu
877 3449 907 3517 9:
941 3438 976 3496 tto
990 3430 1093 3486 eiecta-

71 3521 174 3574 quep.
247 3510 380 3576 tteop:
399 3506 543 3575 eidlom.
562 3506 617 3574 rb).
690 3504 871 3561 taexcleo·
893 3505 1092 3572 tmmoperso

73 3577 119 3632 Pl.
141 3576 201 3644 (ubi
220 3593 284 3631 eum
302 3577 365 3632 oleo
379 3578 500 3646 pertinet
518 3577 556 3632 od
571 3578 715 3646 procem..)
801 3574 873 3632 tlt.
893 3573 953 3629 vini
971 3587 1022 3628 orrr.
1043 3571 1091 3632 ΡΙ.

895 3660 932 3716 61
